Code,Store Name,# of Customers,# of Items,Total Sales,Discount,Avg Sales per Customer,Avg Sales per Item,Date,Month,Year,Weekday,Distance from Station X(Meter),Distance from Station X(Feet),Distance from Station Y(Meter),Distance from Station Y(Feet),Distance from Main Street(Meter),Distance from Main Street(Feet),YenWonRatio,Holiday,ActualHighTemp,Outlook,Japanese Tourists
20288,Store B,257,1474,8974800,0,34921,6089,9/1/2011,9,2011,Thursday,180,591,550,1804,230,755,13.93,0,87,NA,
20288,Store B,260,1769,12861500,0,49467,7270,9/2/2011,9,2011,Friday,180,591,550,1804,230,755,13.83,0,89,NA,
20288,Store B,196,1383,10509400,0,53619,7599,9/3/2011,9,2011,Saturday,180,591,550,1804,230,755,13.83,0,87,Cloudy,
20288,Store B,171,1004,7741700,0,45273,7711,9/4/2011,9,2011,Sunday,180,591,550,1804,230,755,13.85,0,84,Cloudy,
20288,Store B,184,1295,11250500,0,61144,8688,9/5/2011,9,2011,Monday,180,591,550,1804,230,755,13.85,0,82,Sunny,
20288,Store B,218,1330,9227600,0,42328,6938,9/6/2011,9,2011,Tuesday,180,591,550,1804,230,755,13.9,0,82,Sunny,
20288,Store B,165,1231,9118700,0,55265,7408,9/7/2011,9,2011,Wednesday,180,591,550,1804,230,755,13.91,0,80,Cloudy,
20288,Store B,143,959,7375400,0,51576,7691,9/8/2011,9,2011,Thursday,180,591,550,1804,230,755,13.86,0,77,Cloudy,
20288,Store B,126,842,4796100,0,38064,5696,9/9/2011,9,2011,Friday,180,591,550,1804,230,755,13.87,0,69,Rainy,
20288,Store B,172,1235,8072100,0,46931,6536,9/10/2011,9,2011,Saturday,180,591,550,1804,230,755,13.88,0,78,NA,
20288,Store B,156,939,7287000,0,46712,7760,9/11/2011,9,2011,Sunday,180,591,550,1804,230,755,13.87,0,73,Rainy,
20288,Store B,150,923,6136000,0,40907,6648,9/12/2011,9,2011,Monday,180,591,550,1804,230,755,13.87,0,80,Cloudy,
20288,Store B,119,686,5704100,0,47934,8315,9/13/2011,9,2011,Tuesday,180,591,550,1804,230,755,13.97,0,84,Cloudy,
20288,Store B,130,880,5685100,0,43732,6460,9/14/2011,9,2011,Wednesday,180,591,550,1804,230,755,13.96,0,84,NA,
20288,Store B,152,874,6768100,0,44527,7744,9/15/2011,9,2011,Thursday,180,591,550,1804,230,755,14.23,0,86,NA,
20288,Store B,194,1158,9670500,0,49848,8351,9/16/2011,9,2011,Friday,180,591,550,1804,230,755,14.47,0,87,NA,
20288,Store B,183,1329,10316400,0,56374,7763,9/17/2011,9,2011,Saturday,180,591,550,1804,230,755,14.47,1,86,NA,
20288,Store B,254,1562,11769500,0,46337,7535,9/18/2011,9,2011,Sunday,180,591,550,1804,230,755,14.45,1,78,Cloudy,
20288,Store B,190,1033,10990500,0,57845,10639,9/19/2011,9,2011,Monday,180,591,550,1804,230,755,14.44,1,66,Rainy,
20288,Store B,186,1856,13301200,0,71512,7167,9/20/2011,9,2011,Tuesday,180,591,550,1804,230,755,14.73,0,73,Sunny,
20288,Store B,190,1446,11602700,0,61067,8024,9/21/2011,9,2011,Wednesday,180,591,550,1804,230,755,14.92,0,75,Sunny,
20288,Store B,172,1092,9728200,0,56559,8909,9/22/2011,9,2011,Thursday,180,591,550,1804,230,755,15.02,0,75,Sunny,
20288,Store B,201,1612,16547100,0,82324,10265,9/23/2011,9,2011,Friday,180,591,550,1804,230,755,15.34,1,77,NA,
20288,Store B,166,1003,13100000,0,78916,13061,9/24/2011,9,2011,Saturday,180,591,550,1804,230,755,15.31,1,78,NA,
20288,Store B,165,804,12210800,0,74005,15188,9/25/2011,9,2011,Sunday,180,591,550,1804,230,755,15.2,1,78,NA,
20288,Store B,205,1545,10631500,0,51861,6881,9/26/2011,9,2011,Monday,180,591,550,1804,230,755,15.2,0,80,NA,
20288,Store B,253,1685,14544500,0,57488,8632,9/27/2011,9,2011,Tuesday,180,591,550,1804,230,755,15.44,0,84,NA,
20288,Store B,220,1536,10194200,0,46337,6637,9/28/2011,9,2011,Wednesday,180,591,550,1804,230,755,15.33,0,75,NA,
20288,Store B,189,1242,10612800,0,56152,8545,9/29/2011,9,2011,Thursday,180,591,550,1804,230,755,15.24,0,66,Rainy,
20288,Store B,160,1007,7846400,0,49040,7792,9/30/2011,9,2011,Friday,180,591,550,1804,230,755,15.34,0,66,Sunny,
20288,Store B,184,830,8353100,0,45397,10064,10/1/2011,10,2011,Saturday,180,591,550,1804,230,755,15.36,0,64,Sunny,
20288,Store B,157,1032,8442900,0,53776,8181,10/2/2011,10,2011,Sunday,180,591,550,1804,230,755,15.37,0,64,Sunny,
20288,Store B,176,1076,7570600,0,43015,7036,10/3/2011,10,2011,Monday,180,591,550,1804,230,755,15.4,0,68,Sunny,
20288,Store B,144,904,10375200,0,72050,11477,10/4/2011,10,2011,Tuesday,180,591,550,1804,230,755,15.4,0,68,Sunny,
20288,Store B,154,862,8045100,0,52241,9333,10/5/2011,10,2011,Wednesday,180,591,550,1804,230,755,15.54,0,71,Sunny,
20288,Store B,201,1144,12456600,0,61973,10889,10/6/2011,10,2011,Thursday,180,591,550,1804,230,755,15.3,0,69,NA,
20288,Store B,134,1003,8071700,0,60237,8048,10/7/2011,10,2011,Friday,180,591,550,1804,230,755,15.43,0,69,NA,
20288,Store B,148,1100,9873700,0,66714,8976,10/8/2011,10,2011,Saturday,180,591,550,1804,230,755,15.37,1,71,NA,
20288,Store B,214,1783,15122400,0,70665,8481,10/9/2011,10,2011,Sunday,180,591,550,1804,230,755,15.37,1,71,NA,
20288,Store B,172,1387,14464300,0,84095,10428,10/10/2011,10,2011,Monday,180,591,550,1804,230,755,15.3,1,69,NA,
20288,Store B,113,975,7374500,0,65261,7564,10/11/2011,10,2011,Tuesday,180,591,550,1804,230,755,15.18,0,69,NA,
20288,Store B,124,888,8434400,0,68019,9498,10/12/2011,10,2011,Wednesday,180,591,550,1804,230,755,15.26,0,64,NA,
20288,Store B,123,809,7435500,0,60451,9191,10/13/2011,10,2011,Thursday,180,591,550,1804,230,755,15.18,0,73,NA,
20288,Store B,134,939,10694000,0,79806,11389,10/14/2011,10,2011,Friday,180,591,550,1804,230,755,15.1,0,60,NA,
20288,Store B,148,1184,13358800,0,90262,11283,10/15/2011,10,2011,Saturday,180,591,550,1804,230,755,14.99,0,62,Rainy,
20288,Store B,159,1202,11627000,0,73126,9673,10/16/2011,10,2011,Sunday,180,591,550,1804,230,755,14.94,0,66,Rainy,
20288,Store B,147,1686,14164200,0,96355,8401,10/17/2011,10,2011,Monday,180,591,550,1804,230,755,14.94,0,57,Sunny,
20288,Store B,155,1197,15331100,0,98910,12808,10/18/2011,10,2011,Tuesday,180,591,550,1804,230,755,14.91,0,57,Sunny,
20288,Store B,128,1234,15874100,0,124016,12864,10/19/2011,10,2011,Wednesday,180,591,550,1804,230,755,14.93,0,68,Sunny,
20288,Store B,212,1207,12473900,0,58839,10335,10/20/2011,10,2011,Thursday,180,591,550,1804,230,755,14.81,0,69,Sunny,
20288,Store B,138,1324,8725250,0,63226,6590,10/21/2011,10,2011,Friday,180,591,550,1804,230,755,14.83,0,69,Cloudy,
20288,Store B,177,1270,11913850,0,67310,9381,10/22/2011,10,2011,Saturday,180,591,550,1804,230,755,14.93,0,71,Sunny,
20288,Store B,165,1005,9645800,0,58459,9598,10/23/2011,10,2011,Sunday,180,591,550,1804,230,755,15,0,71,NA,
20288,Store B,156,1294,12231350,0,78406,9452,10/24/2011,10,2011,Monday,180,591,550,1804,230,755,15.01,0,59,Rainy,
20288,Store B,137,1034,11349950,0,82846,10977,10/25/2011,10,2011,Tuesday,180,591,550,1804,230,755,14.94,0,53,Sunny,
20288,Store B,140,942,9426350,0,67331,10007,10/26/2011,10,2011,Wednesday,180,591,550,1804,230,755,14.85,0,59,Sunny,
20288,Store B,136,1323,10787000,0,79316,8153,10/27/2011,10,2011,Thursday,180,591,550,1804,230,755,14.87,0,66,NA,
20288,Store B,158,1262,10644900,0,67373,8435,10/28/2011,10,2011,Friday,180,591,550,1804,230,755,14.67,0,66,NA,
20288,Store B,179,1430,12331550,0,68891,8623,10/29/2011,10,2011,Saturday,180,591,550,1804,230,755,14.56,0,59,NA,
20288,Store B,158,1142,10086450,0,63838,8832,10/30/2011,10,2011,Sunday,180,591,550,1804,230,755,14.54,0,68,NA,
20288,Store B,124,844,10213150,0,82364,12101,10/31/2011,10,2011,Monday,180,591,550,1804,230,755,14.54,0,73,NA,
20288,Store B,138,1123,10502600,0,76106,9352,11/1/2011,11,2011,Tuesday,180,591,550,1804,230,755,14.24,0,71,NA,
20288,Store B,169,1472,14236850,0,84242,9672,11/2/2011,11,2011,Wednesday,180,591,550,1804,230,755,14.31,0,69,NA,
20288,Store B,133,1120,13470650,0,101283,12027,11/3/2011,11,2011,Thursday,180,591,550,1804,230,755,14.33,0,73,NA,
20288,Store B,152,1087,8995000,0,59178,8275,11/4/2011,11,2011,Friday,180,591,550,1804,230,755,14.42,0,73,NA,
20288,Store B,157,1458,12817600,0,81641,8791,11/5/2011,11,2011,Saturday,180,591,550,1804,230,755,14.4,0,77,Rainy,
20288,Store B,149,1131,12483800,0,83784,11038,11/6/2011,11,2011,Sunday,180,591,550,1804,230,755,14.14,0,66,Rainy,
20288,Store B,136,1123,11090400,0,81547,9876,11/7/2011,11,2011,Monday,180,591,550,1804,230,755,14.15,0,64,Cloudy,
20288,Store B,176,1543,16228600,0,92208,10518,11/8/2011,11,2011,Tuesday,180,591,550,1804,230,755,14.25,0,64,NA,
20288,Store B,156,1283,12267100,0,78635,9561,11/9/2011,11,2011,Wednesday,180,591,550,1804,230,755,14.32,0,64,Cloudy,
20288,Store B,174,1333,12075100,0,69397,9059,11/10/2011,11,2011,Thursday,180,591,550,1804,230,755,14.37,0,62,Rainy,
20288,Store B,186,1304,15833300,0,85125,12142,11/11/2011,11,2011,Friday,180,591,550,1804,230,755,14.52,0,57,Rainy,
20288,Store B,183,1232,9612150,0,52525,7802,11/12/2011,11,2011,Saturday,180,591,550,1804,230,755,14.56,0,60,Sunny,
20288,Store B,189,1287,12770850,0,67571,9923,11/13/2011,11,2011,Sunday,180,591,550,1804,230,755,14.61,0,60,NA,
20288,Store B,195,1625,20042100,0,102780,12334,11/14/2011,11,2011,Monday,180,591,550,1804,230,755,14.6,0,50,Sunny,
20288,Store B,147,1534,12485550,0,84936,8139,11/15/2011,11,2011,Tuesday,180,591,550,1804,230,755,14.59,0,51,Sunny,
20288,Store B,124,854,9737150,0,78525,11402,11/16/2011,11,2011,Wednesday,180,591,550,1804,230,755,14.62,0,59,NA,
20288,Store B,151,992,11130250,0,73710,11220,11/17/2011,11,2011,Thursday,180,591,550,1804,230,755,14.71,0,62,NA,
20288,Store B,183,1395,12527850,0,68458,8981,11/18/2011,11,2011,Friday,180,591,550,1804,230,755,14.73,0,62,Rainy,
20288,Store B,191,1565,14284800,0,74790,9128,11/19/2011,11,2011,Saturday,180,591,550,1804,230,755,14.79,0,60,Cloudy,
20288,Store B,157,1401,10407500,0,66290,7429,11/20/2011,11,2011,Sunday,180,591,550,1804,230,755,14.79,0,39,Sunny,
20288,Store B,188,1551,12799300,0,68081,8252,11/21/2011,11,2011,Monday,180,591,550,1804,230,755,14.79,0,42,Sunny,
20288,Store B,147,1185,11447000,0,77871,9660,11/22/2011,11,2011,Tuesday,180,591,550,1804,230,755,14.84,0,48,NA,
20288,Store B,183,1370,14214100,0,77673,10375,11/23/2011,11,2011,Wednesday,180,591,550,1804,230,755,14.87,0,46,Rainy,
20288,Store B,168,1478,12804600,0,76218,8663,11/24/2011,11,2011,Thursday,180,591,550,1804,230,755,14.94,0,35,Sunny,
20288,Store B,135,768,7788400,0,57692,10141,11/25/2011,11,2011,Friday,180,591,550,1804,230,755,15,0,42,Snowy,
20288,Store B,185,1116,12559600,0,67890,11254,11/26/2011,11,2011,Saturday,180,591,550,1804,230,755,14.98,0,53,NA,
20288,Store B,172,1153,13275700,0,77184,11514,11/27/2011,11,2011,Sunday,180,591,550,1804,230,755,14.88,0,60,Cloudy,
20288,Store B,150,1032,10086100,0,67241,9773,11/28/2011,11,2011,Monday,180,591,550,1804,230,755,14.92,0,61,Rainy,
20288,Store B,148,1319,11432500,0,77247,8668,11/29/2011,11,2011,Tuesday,180,591,550,1804,230,755,14.82,0,56,Rainy,
20288,Store B,120,831,8598300,0,71653,10347,11/30/2011,11,2011,Wednesday,180,591,550,1804,230,755,14.57,0,48,Rainy,
20288,Store B,152,1299,14514900,0,95493,11174,12/1/2011,12,2011,Thursday,180,591,550,1804,230,755,14.65,0,50,Rainy,
20288,Store B,124,930,12013700,0,96885,12918,12/2/2011,12,2011,Friday,180,591,550,1804,230,755,14.56,0,46,Cloudy,
20288,Store B,162,1462,13528650,0,83510,9254,12/3/2011,12,2011,Saturday,180,591,550,1804,230,755,14.49,0,48,Rainy,
20288,Store B,126,1001,12306700,0,97672,12294,12/4/2011,12,2011,Sunday,180,591,550,1804,230,755,14.37,0,42,Sunny,
20288,Store B,145,1619,11733300,0,80919,7247,12/5/2011,12,2011,Monday,180,591,550,1804,230,755,14.35,0,41,Sunny,
20288,Store B,149,1486,11763200,0,78948,7916,12/6/2011,12,2011,Tuesday,180,591,550,1804,230,755,14.44,0,44,Cloudy,
20288,Store B,106,620,5691800,0,53696,9180,12/7/2011,12,2011,Wednesday,180,591,550,1804,230,755,14.52,0,44,Cloudy,
20288,Store B,122,848,10166100,0,83329,11988,12/8/2011,12,2011,Thursday,180,591,550,1804,230,755,14.5,0,41,Cloudy,
20288,Store B,176,1333,14602100,0,82966,10954,12/9/2011,12,2011,Friday,180,591,550,1804,230,755,14.56,0,35,Snowy,
20288,Store B,226,2244,22550900,0,99783,10049,12/10/2011,12,2011,Saturday,180,591,550,1804,230,755,14.68,0,35,Snowy,
20288,Store B,233,2747,27795650,0,119295,10119,12/11/2011,12,2011,Sunday,180,591,550,1804,230,755,14.75,0,44,Rainy,
20288,Store B,167,1494,16326100,0,97761,10928,12/12/2011,12,2011,Monday,180,591,550,1804,230,755,14.74,0,45,NA,
20288,Store B,128,956,8686400,0,67863,9086,12/13/2011,12,2011,Tuesday,180,591,550,1804,230,755,14.74,0,43,Sunny,
20288,Store B,99,751,7769650,0,78481,10346,12/14/2011,12,2011,Wednesday,180,591,550,1804,230,755,14.72,0,47,Rainy,
20288,Store B,144,1079,7496300,0,52058,6947,12/15/2011,12,2011,Thursday,180,591,550,1804,230,755,14.86,0,32,Sunny,
20288,Store B,148,1320,12910200,0,87231,9780,12/16/2011,12,2011,Friday,180,591,550,1804,230,755,14.84,0,25,Sunny,
20288,Store B,143,889,9529600,0,66641,10719,12/17/2011,12,2011,Saturday,180,591,550,1804,230,755,14.85,0,32,Cloudy,
20288,Store B,135,1401,11147700,0,82576,7957,12/18/2011,12,2011,Sunday,180,591,550,1804,230,755,14.85,0,35,NA,
20288,Store B,156,1282,11359350,0,72816,8861,12/19/2011,12,2011,Monday,180,591,550,1804,230,755,14.85,0,37,Cloudy,
20288,Store B,124,689,5479400,0,44189,7953,12/20/2011,12,2011,Tuesday,180,591,550,1804,230,755,14.99,0,40,Rainy,
20288,Store B,89,991,6956100,0,78158,7019,12/21/2011,12,2011,Wednesday,180,591,550,1804,230,755,14.95,0,43,Snowy,
20288,Store B,152,1427,14078650,0,92623,9866,12/22/2011,12,2011,Thursday,180,591,550,1804,230,755,14.78,0,36,Sunny,
20288,Store B,124,858,6732300,0,54293,7847,12/23/2011,12,2011,Friday,180,591,550,1804,230,755,14.75,1,33,Snowy,
20288,Store B,137,1135,8987300,0,65601,7918,12/24/2011,12,2011,Saturday,180,591,550,1804,230,755,14.72,1,27,Snowy,
20288,Store B,81,1015,7727800,0,95405,7614,12/25/2011,12,2011,Sunday,180,591,550,1804,230,755,14.69,1,25,Sunny,
20288,Store B,111,853,10335900,0,93116,12117,12/26/2011,12,2011,Monday,180,591,550,1804,230,755,14.69,0,25,Sunny,
20288,Store B,106,662,7253300,0,68427,10957,12/27/2011,12,2011,Tuesday,180,591,550,1804,230,755,14.7,0,32,Cloudy,
20288,Store B,115,700,6847700,0,59545,9782,12/28/2011,12,2011,Wednesday,180,591,550,1804,230,755,14.79,0,37,NA,
20288,Store B,117,1183,10220800,0,87357,8640,12/29/2011,12,2011,Thursday,180,591,550,1804,230,755,14.85,0,33,NA,
20288,Store B,122,1146,10376000,0,85049,9054,12/30/2011,12,2011,Friday,180,591,550,1804,230,755,14.85,0,33,NA,
20288,Store B,155,1340,14899100,0,96123,11119,12/31/2011,12,2011,Saturday,180,591,550,1804,230,755,14.95,0,35,NA,
20288,Store B,108,865,7433400,0,68828,8594,1/1/2012,1,2012,Monday,180,591,550,1804,230,755,15.07,0,32,Snowy,
20288,Store B,100,984,10663500,0,106635,10837,1/2/2012,1,2012,Tuesday,180,591,550,1804,230,755,15.07,0,30,NA,
20288,Store B,114,878,8938900,0,78411,10181,1/3/2012,1,2012,Wednesday,180,591,550,1804,230,755,15.02,0,33,Snowy,
20288,Store B,144,1311,14656000,0,101778,11179,1/4/2012,1,2012,Thursday,180,591,550,1804,230,755,14.95,0,26,NA,
20288,Store B,120,1144,11700100,0,97501,10227,1/5/2012,1,2012,Friday,180,591,550,1804,230,755,14.95,0,30,Sunny,
20288,Store B,98,714,10344900,0,105560,14489,1/6/2012,1,2012,Saturday,180,591,550,1804,230,755,14.98,0,33,Snowy,
20288,Store B,102,877,6127400,0,60073,6987,1/7/2012,1,2012,Sunday,180,591,550,1804,230,755,15.01,1,33,NA,
20288,Store B,131,1253,10197850,0,77846,8139,1/8/2012,1,2012,Monday,180,591,550,1804,230,755,15.06,1,33,NA,
20288,Store B,109,872,8923300,0,81865,10233,1/9/2012,1,2012,Tuesday,180,591,550,1804,230,755,15.07,1,35,NA,
20288,Store B,81,396,6104000,0,75358,15414,1/10/2012,1,2012,Wednesday,180,591,550,1804,230,755,15.09,0,35,NA,
20288,Store B,70,412,4743150,0,67759,11513,1/11/2012,1,2012,Thursday,180,591,550,1804,230,755,15.03,0,28,Sunny,
20288,Store B,75,757,6748300,0,89977,8915,1/12/2012,1,2012,Friday,180,591,550,1804,230,755,15.05,0,32,Snowy,
20288,Store B,79,496,5832200,205600,73825,11758,1/13/2012,1,2012,Saturday,180,591,550,1804,230,755,15.02,0,37,NA,
20288,Store B,102,742,7748800,212900,75969,10443,1/14/2012,1,2012,Sunday,180,591,550,1804,230,755,14.96,0,37,NA,
20288,Store B,138,1190,10240400,199200,74206,8605,1/15/2012,1,2012,Monday,180,591,550,1804,230,755,14.94,0,32,Sunny,
20288,Store B,109,1156,11123600,0,102051,9622,1/16/2012,1,2012,Tuesday,180,591,550,1804,230,755,14.94,0,44,NA,
20288,Store B,102,851,7021200,0,68835,8251,1/17/2012,1,2012,Wednesday,180,591,550,1804,230,755,15,0,44,Sunny,
20288,Store B,68,445,3004800,0,44188,6752,1/18/2012,1,2012,Thursday,180,591,550,1804,230,755,14.91,0,39,NA,
20288,Store B,98,943,8927200,0,91094,9467,1/19/2012,1,2012,Friday,180,591,550,1804,230,755,14.84,0,44,Rainy,
20288,Store B,80,479,5830300,0,72879,12172,1/20/2012,1,2012,Saturday,180,591,550,1804,230,755,14.76,0,46,Rainy,
20288,Store B,85,554,5684600,0,66878,10261,1/21/2012,1,2012,Saturday,180,591,550,1804,230,755,14.68,0,42,NA,
20288,Store B,59,614,4315800,0,73149,7029,1/22/2012,1,2012,Sunday,180,591,550,1804,230,755,14.7,0,24,NA,
20288,Store B,63,566,4866800,0,77251,8599,1/23/2012,1,2012,Monday,180,591,550,1804,230,755,14.7,0,23,Sunny,
20288,Store B,54,266,2562900,0,47461,9635,1/24/2012,1,2012,Tuesday,180,591,550,1804,230,755,14.7,0,28,Snowy,
20288,Store B,79,966,8619800,0,109111,8923,1/25/2012,1,2012,Wednesday,180,591,550,1804,230,755,14.58,0,24,Sunny,
20288,Store B,82,894,7757400,0,94602,8677,1/26/2012,1,2012,Thursday,180,591,550,1804,230,755,14.47,0,38,Snowy,
20288,Store B,107,812,9179600,0,85791,11305,1/27/2012,1,2012,Friday,180,591,550,1804,230,755,14.43,0,41,NA,
20288,Store B,136,1138,10187800,0,74910,8952,1/28/2012,1,2012,Saturday,180,591,550,1804,230,755,14.56,0,37,Sunny,
20288,Store B,126,873,8585100,0,68136,9834,1/29/2012,1,2012,Sunday,180,591,550,1804,230,755,14.57,0,37,Sunny,
20288,Store B,97,937,8858600,0,91326,9454,1/30/2012,1,2012,Monday,180,591,550,1804,230,755,14.58,0,29,Sunny,
20288,Store B,97,982,8006400,0,82540,8153,1/31/2012,1,2012,Tuesday,180,591,550,1804,230,755,14.68,0,29,Snowy,
20288,Store B,100,908,8621600,0,86216,9495,2/1/2012,2,2012,Wednesday,180,591,550,1804,230,755,14.71,0,20,Sunny,3168
20288,Store B,116,937,8840850,0,76214,9435,2/2/2012,2,2012,Thursday,180,591,550,1804,230,755,14.75,0,16,Sunny,2743
20288,Store B,128,1144,9527900,0,74437,8329,2/3/2012,2,2012,Friday,180,591,550,1804,230,755,14.71,0,30,Snowy,2841
20288,Store B,124,1021,7495500,96600,60448,7341,2/4/2012,2,2012,Saturday,180,591,550,1804,230,755,14.63,0,35,NA,4267
20288,Store B,131,1018,8767900,9600,66931,8613,2/5/2012,2,2012,Sunday,180,591,550,1804,230,755,14.51,0,40,Sunny,4626
20288,Store B,132,1019,9395350,34350,71177,9220,2/6/2012,2,2012,Monday,180,591,550,1804,230,755,14.55,0,42,NA,4069
20288,Store B,98,986,5315600,37200,54241,5391,2/7/2012,2,2012,Tuesday,180,591,550,1804,230,755,14.6,0,32,Sunny,
20288,Store B,119,826,8061735,296365,67746,9760,2/8/2012,2,2012,Wednesday,180,591,550,1804,230,755,14.57,0,25,Snowy,
20288,Store B,101,850,7572095,58405,74971,8908,2/9/2012,2,2012,Thursday,180,591,550,1804,230,755,14.48,0,34,Snowy,
20288,Store B,133,1060,8835700,166900,66434,8336,2/10/2012,2,2012,Friday,180,591,550,1804,230,755,14.44,0,36,Sunny,
20288,Store B,138,1161,12688730,231820,91947,10929,2/11/2012,2,2012,Saturday,180,591,550,1804,230,755,14.44,0,34,Sunny,
20288,Store B,110,1081,9126700,144000,82970,8443,2/12/2012,2,2012,Sunday,180,591,550,1804,230,755,14.46,0,40,Sunny,
20288,Store B,135,1249,9471940,212060,70163,7584,2/13/2012,2,2012,Monday,180,591,550,1804,230,755,14.45,0,46,NA,
20288,Store B,107,957,7190750,25000,67203,7514,2/14/2012,2,2012,Tuesday,180,591,550,1804,230,755,14.42,0,45,NA,3819
20288,Store B,109,959,7775500,56400,71335,8108,2/15/2012,2,2012,Wednesday,180,591,550,1804,230,755,14.41,0,36,NA,4064
20288,Store B,132,1106,10000900,106300,75764,9042,2/16/2012,2,2012,Thursday,180,591,550,1804,230,755,14.31,0,36,Sunny,3569
20288,Store B,135,1211,11773820,502680,87213,9722,2/17/2012,2,2012,Friday,180,591,550,1804,230,755,14.35,0,28,Sunny,4248
20288,Store B,137,1214,10068080,241420,73490,8293,2/18/2012,2,2012,Saturday,180,591,550,1804,230,755,14.2,0,27,Sunny,5102
20288,Store B,154,1284,14539000,277100,94409,11323,2/19/2012,2,2012,Sunday,180,591,550,1804,230,755,14.14,0,34,Sunny,4951
20288,Store B,161,1234,13385150,34950,83138,10847,2/20/2012,2,2012,Monday,180,591,550,1804,230,755,14.13,0,41,Sunny,4836
20288,Store B,146,1100,9023300,101700,61803,8203,2/21/2012,2,2012,Tuesday,180,591,550,1804,230,755,14.09,0,42,NA,4671
20288,Store B,152,1143,7347600,64700,48339,6428,2/22/2012,2,2012,Wednesday,180,591,550,1804,230,755,14.09,0,54,NA,4664
20288,Store B,165,1073,7211530,115370,43706,6721,2/23/2012,2,2012,Thursday,180,591,550,1804,230,755,14.06,0,46,NA,3936
20288,Store B,153,1563,10629205,162995,69472,6801,2/24/2012,2,2012,Friday,180,591,550,1804,230,755,14.06,0,50,NA,3606
20288,Store B,162,1320,14702520,159480,90756,11138,2/25/2012,2,2012,Saturday,180,591,550,1804,230,755,13.98,0,41,Cloudy,4788
20288,Store B,148,1202,12285310,305540,83009,10221,2/26/2012,2,2012,Sunday,180,591,550,1804,230,755,13.83,0,37,Sunny,4457
20288,Store B,163,1338,11613200,269200,71247,8680,2/27/2012,2,2012,Monday,180,591,550,1804,230,755,13.83,0,41,Sunny,3879
20288,Store B,157,1307,12046480,148220,76729,9217,2/28/2012,2,2012,Tuesday,180,591,550,1804,230,755,13.93,0,44,Sunny,3430
20288,Store B,123,1334,6322890,109260,51406,4740,2/29/2012,2,2012,Wednesday,180,591,550,1804,230,755,13.98,0,50,Sunny,3361
20288,Store B,118,932,5023700,60100,42574,5390,3/1/2012,3,2012,Thursday,180,591,550,1804,230,755,13.89,0,57,Cloudy,3009
20288,Store B,94,915,6714050,28400,71426,7338,3/2/2012,3,2012,Friday,180,591,550,1804,230,755,13.77,0,50,NA,4040
20288,Store B,156,1299,10981065,52985,70391,8453,3/3/2012,3,2012,Saturday,180,591,550,1804,230,755,13.68,0,53,Sunny,4889
20288,Store B,135,994,11486050,122250,85082,11555,3/4/2012,3,2012,Sunday,180,591,550,1804,230,755,13.61,0,50,Rainy,4024
20288,Store B,158,1296,8446200,22000,53457,6517,3/5/2012,3,2012,Monday,180,591,550,1804,230,755,13.46,0,48,Rainy,4107
20288,Store B,165,1729,12534335,53965,75966,7249,3/6/2012,3,2012,Tuesday,180,591,550,1804,230,755,13.6,0,41,Rainy,4140
20288,Store B,121,821,7068810,54090,58420,8610,3/7/2012,3,2012,Wednesday,180,591,550,1804,230,755,13.82,0,42,Sunny,4188
20288,Store B,132,1079,8506560,138290,64444,7884,3/8/2012,3,2012,Thursday,180,591,550,1804,230,755,13.89,0,42,NA,3277
20288,Store B,178,2165,12433220,3327880,69850,5743,3/9/2012,3,2012,Friday,180,591,550,1804,230,755,13.72,0,46,NA,3962
20288,Store B,223,2315,14565070,3761230,65314,6292,3/10/2012,3,2012,Saturday,180,591,550,1804,230,755,13.62,0,46,Sunny,5026
20288,Store B,223,2821,12344880,3962520,55358,4376,3/11/2012,3,2012,Sunday,180,591,550,1804,230,755,13.52,0,35,Snowy,5226
20288,Store B,141,1083,8312570,16680,58954,7676,3/12/2012,3,2012,Monday,180,591,550,1804,230,755,13.52,0,37,Sunny,5063
20288,Store B,180,1262,10759450,140250,59775,8526,3/13/2012,3,2012,Tuesday,180,591,550,1804,230,755,13.62,0,44,NA,4473
20288,Store B,132,1236,8842950,42350,66992,7154,3/14/2012,3,2012,Wednesday,180,591,550,1804,230,755,13.6,0,42,NA,4195
20288,Store B,167,1383,13389000,256200,80174,9681,3/15/2012,3,2012,Thursday,180,591,550,1804,230,755,13.51,0,53,Sunny,3707
20288,Store B,113,806,6155750,35900,54476,7637,3/16/2012,3,2012,Friday,180,591,550,1804,230,755,13.46,0,55,Rainy,3737
20288,Store B,161,1232,13893750,0,86297,11277,3/17/2012,3,2012,Saturday,180,591,550,1804,230,755,13.46,0,60,Rainy,
20288,Store B,139,1215,12854400,0,92478,10580,3/18/2012,3,2012,Sunday,180,591,550,1804,230,755,13.47,0,51,Sunny,
20288,Store B,165,1145,14307300,0,86711,12495,3/19/2012,3,2012,Monday,180,591,550,1804,230,755,13.47,0,44,Sunny,
20288,Store B,149,1096,12765200,0,85672,11647,3/20/2012,3,2012,Tuesday,180,591,550,1804,230,755,13.47,0,46,Sunny,
20288,Store B,152,1222,9548550,0,62819,7814,3/21/2012,3,2012,Wednesday,180,591,550,1804,230,755,13.46,0,50,Sunny,
20288,Store B,133,961,8154200,0,61310,8485,3/22/2012,3,2012,Thursday,180,591,550,1804,230,755,13.47,0,50,Cloudy,
20288,Store B,137,1193,9984100,0,72877,8369,3/23/2012,3,2012,Friday,180,591,550,1804,230,755,13.62,0,44,Cloudy,
20288,Store B,155,1090,13348400,0,86119,12246,3/24/2012,3,2012,Saturday,180,591,550,1804,230,755,13.72,0,46,Snowy,
20288,Store B,189,1572,14638100,0,77450,9312,3/25/2012,3,2012,Sunday,180,591,550,1804,230,755,13.64,0,46,Sunny,
20288,Store B,181,1656,13528700,0,74744,8170,3/26/2012,3,2012,Monday,180,591,550,1804,230,755,13.46,0,46,Sunny,
20288,Store B,149,1266,10706000,0,71852,8457,3/27/2012,3,2012,Tuesday,180,591,550,1804,230,755,13.61,0,53,Cloudy,
20288,Store B,135,948,7077500,0,52426,7466,3/28/2012,3,2012,Wednesday,180,591,550,1804,230,755,13.67,0,60,Cloudy,
20288,Store B,142,1127,11458350,0,80693,10167,3/29/2012,3,2012,Thursday,180,591,550,1804,230,755,13.69,0,60,Cloudy,
20288,Store B,183,1391,15837300,0,86543,11386,3/30/2012,3,2012,Friday,180,591,550,1804,230,755,13.78,0,53,Cloudy,
20288,Store B,176,1514,14516300,0,82479,9588,3/31/2012,3,2012,Saturday,180,591,550,1804,230,755,13.77,0,51,Sunny,
20288,Store B,169,1607,13465750,0,79679,8379,4/1/2012,4,2012,Sunday,180,591,550,1804,230,755,13.64,0,48,Sunny,
20288,Store B,175,1688,15273500,0,87277,9048,4/2/2012,4,2012,Monday,180,591,550,1804,230,755,13.63,0,60,Rainy,
20288,Store B,170,1777,14000150,-2800,82354,7879,4/3/2012,4,2012,Tuesday,180,591,550,1804,230,755,13.64,0,48,Rainy,
20288,Store B,136,1097,11698300,0,86017,10664,4/4/2012,4,2012,Wednesday,180,591,550,1804,230,755,13.67,0,53,Sunny,
20288,Store B,157,1206,10227690,0,65145,8481,4/5/2012,4,2012,Thursday,180,591,550,1804,230,755,13.66,0,51,Sunny,
20288,Store B,113,628,8690600,0,76908,13839,4/6/2012,4,2012,Friday,180,591,550,1804,230,755,13.72,0,50,Sunny,
20288,Store B,141,895,10651300,4,75541,11901,4/7/2012,4,2012,Saturday,180,591,550,1804,230,755,13.75,0,53,Sunny,
20288,Store B,135,773,9493200,0,70320,12281,4/8/2012,4,2012,Sunday,180,591,550,1804,230,755,13.79,0,62,Sunny,
20288,Store B,118,1154,9878100,0,83713,8560,4/9/2012,4,2012,Monday,180,591,550,1804,230,755,13.86,0,69,Sunny,
20288,Store B,86,648,6111700,0,71066,9432,4/10/2012,4,2012,Tuesday,180,591,550,1804,230,755,13.84,0,62,Rainy,
20288,Store B,106,1546,11230550,1,105949,7264,4/11/2012,4,2012,Wednesday,180,591,550,1804,230,755,13.95,0,64,Rainy,
20288,Store B,98,673,11118900,0,113458,16521,4/12/2012,4,2012,Thursday,180,591,550,1804,230,755,14.13,0,55,Cloudy,
20288,Store B,178,2356,17083320,3667080,95974,7251,4/13/2012,4,2012,Friday,180,591,550,1804,230,755,14.08,0,59,Sunny,
20288,Store B,206,2413,16415980,4031820,79689,6803,4/14/2012,4,2012,Saturday,180,591,550,1804,230,755,13.99,0,59,Cloudy,
20288,Store B,176,2174,15156180,2970720,86115,6972,4/15/2012,4,2012,Sunday,180,591,550,1804,230,755,13.96,0,68,Cloudy,
20288,Store B,115,1104,10210700,0,88789,9249,4/16/2012,4,2012,Monday,180,591,550,1804,230,755,13.79,0,62,Cloudy,
20288,Store B,138,1354,10367100,0,75124,7657,4/17/2012,4,2012,Tuesday,180,591,550,1804,230,755,14.01,0,64,Sunny,
20288,Store B,122,916,7125100,0,58402,7778,4/18/2012,4,2012,Wednesday,180,591,550,1804,230,755,14.09,0,68,Sunny,
20288,Store B,132,1150,8724900,0,66098,7587,4/19/2012,4,2012,Thursday,180,591,550,1804,230,755,13.99,0,75,Cloudy,
20288,Store B,140,1075,10598900,0,75706,9859,4/20/2012,4,2012,Friday,180,591,550,1804,230,755,13.97,0,73,Cloudy,
20288,Store B,112,1191,10283800,0,91820,8635,4/21/2012,4,2012,Saturday,180,591,550,1804,230,755,13.94,0,64,Rainy,
20288,Store B,128,1120,12630900,0,98679,11278,4/22/2012,4,2012,Sunday,180,591,550,1804,230,755,13.95,0,53,Rainy,
20288,Store B,149,1548,16818800,0,112878,10865,4/23/2012,4,2012,Monday,180,591,550,1804,230,755,13.94,0,66,Cloudy,
20288,Store B,115,1153,10280300,0,89394,8916,4/24/2012,4,2012,Tuesday,180,591,550,1804,230,755,14.04,0,80,Cloudy,
20288,Store B,69,522,4122800,0,59751,7898,4/25/2012,4,2012,Wednesday,180,591,550,1804,230,755,14.04,0,68,Rainy,
20288,Store B,71,497,4935300,0,69511,9930,4/26/2012,4,2012,Thursday,180,591,550,1804,230,755,13.99,0,60,Cloudy,
20288,Store B,70,793,7391300,0,105590,9321,4/27/2012,4,2012,Friday,180,591,550,1804,230,755,14,0,69,Sunny,
20288,Store B,100,928,7396200,0,73962,7970,4/28/2012,4,2012,Saturday,180,591,550,1804,230,755,14.02,1,69,Cloudy,
20288,Store B,143,1380,9911000,0,69308,7182,4/29/2012,4,2012,Sunday,180,591,550,1804,230,755,14.08,1,77,Cloudy,
20288,Store B,100,935,9982400,0,99824,10676,4/30/2012,4,2012,Monday,180,591,550,1804,230,755,14.08,1,84,Sunny,
20288,Store B,98,822,6475900,0,66081,7878,5/1/2012,5,2012,Tuesday,180,591,550,1804,230,755,14.1,0,80,Sunny,2444
20288,Store B,123,883,11228700,0,91290,12717,5/2/2012,5,2012,Wednesday,180,591,550,1804,230,755,14.12,0,82,Sunny,3727
20288,Store B,137,1030,12593200,0,91921,12226,5/3/2012,5,2012,Thursday,180,591,550,1804,230,755,14.07,1,77,Sunny,5936
20288,Store B,198,1836,20503900,0,103555,11168,5/4/2012,5,2012,Friday,180,591,550,1804,230,755,14.07,1,77,Sunny,2535
20288,Store B,132,970,10189000,0,77189,10504,5/5/2012,5,2012,Saturday,180,591,550,1804,230,755,14.13,1,75,Sunny,1205
20288,Store B,65,499,6274100,0,96525,12573,5/6/2012,5,2012,Sunday,180,591,550,1804,230,755,14.03,1,73,Sunny,2966
20288,Store B,84,521,6606300,0,78646,12680,5/7/2012,5,2012,Monday,180,591,550,1804,230,755,13.9,0,75,Sunny,3907
20288,Store B,93,847,7962200,0,85615,9400,5/8/2012,5,2012,Tuesday,180,591,550,1804,230,755,14.15,0,82,Sunny,2661
20288,Store B,87,912,7276400,0,83637,7979,5/9/2012,5,2012,Wednesday,180,591,550,1804,230,755,14.23,0,78,Sunny,2461
20288,Store B,80,710,8473300,-26290,105916,11934,5/10/2012,5,2012,Thursday,180,591,550,1804,230,755,14.31,0,78,Sunny,2341
20288,Store B,145,1292,10840470,2498730,74762,8390,5/11/2012,5,2012,Friday,180,591,550,1804,230,755,14.31,0,68,Cloudy,2735
20288,Store B,135,1206,8438830,1886070,62510,6997,5/12/2012,5,2012,Saturday,180,591,550,1804,230,755,14.34,0,69,Cloudy,3497
20288,Store B,131,1200,11089840,1614360,84655,9242,5/13/2012,5,2012,Sunday,180,591,550,1804,230,755,14.35,0,75,Cloudy,3793
20288,Store B,92,685,9735500,0,105821,14212,5/14/2012,5,2012,Monday,180,591,550,1804,230,755,14.35,0,62,Rainy,3881
20288,Store B,120,1006,15967400,16800,133062,15872,5/15/2012,5,2012,Tuesday,180,591,550,1804,230,755,14.39,0,69,Cloudy,3152
20288,Store B,105,816,8871500,0,84490,10872,5/16/2012,5,2012,Wednesday,180,591,550,1804,230,755,14.42,0,69,Sunny,2518
20288,Store B,99,1082,10743822,0,108523,9930,5/17/2012,5,2012,Thursday,180,591,550,1804,230,755,14.48,0,68,Rainy,2844
20288,Store B,124,991,11864900,0,95685,11973,5/18/2012,5,2012,Friday,180,591,550,1804,230,755,14.54,0,75,Sunny,3682
20288,Store B,165,1300,13510600,0,81882,10393,5/19/2012,5,2012,Saturday,180,591,550,1804,230,755,14.74,0,77,Sunny,3822
20288,Store B,164,1538,18419500,0,112314,11976,5/20/2012,5,2012,Sunday,180,591,550,1804,230,755,14.76,0,80,Sunny,3748
20288,Store B,149,1184,15138900,3600,101603,12786,5/21/2012,5,2012,Monday,180,591,550,1804,230,755,14.76,0,84,Sunny,3108
20288,Store B,119,847,12219000,0,102681,14426,5/22/2012,5,2012,Tuesday,180,591,550,1804,230,755,14.72,0,82,Sunny,3720
20288,Store B,99,707,7910100,0,79900,11188,5/23/2012,5,2012,Wednesday,180,591,550,1804,230,755,14.61,0,80,Sunny,3033
20288,Store B,134,1182,13654300,0,101898,11552,5/24/2012,5,2012,Thursday,180,591,550,1804,230,755,14.74,0,73,Sunny,3104
20288,Store B,151,1599,16884150,0,111816,10559,5/25/2012,5,2012,Friday,180,591,550,1804,230,755,14.81,0,78,Sunny,3849
20288,Store B,191,1807,14000200,0,73299,7748,5/26/2012,5,2012,Saturday,180,591,550,1804,230,755,14.85,0,80,Sunny,4724
20288,Store B,178,1815,21434300,0,120417,11810,5/27/2012,5,2012,Sunday,180,591,550,1804,230,755,14.85,0,71,Rainy,4230
20288,Store B,148,1362,12633800,7800,85364,9276,5/28/2012,5,2012,Monday,180,591,550,1804,230,755,14.73,0,78,Rainy,2411
20288,Store B,109,870,9114100,0,83616,10476,5/29/2012,5,2012,Tuesday,180,591,550,1804,230,755,14.67,0,77,Sunny,3339
20288,Store B,147,910,11040100,4200,75103,12132,5/30/2012,5,2012,Wednesday,180,591,550,1804,230,755,14.8,0,77,Rainy,3266
20288,Store B,90,854,7908900,6000,87877,9261,5/31/2012,5,2012,Thursday,180,591,550,1804,230,755,14.86,0,78,Cloudy,2751
20288,Store B,130,1228,10457530,3548370,80443,8516,6/1/2012,6,2012,Friday,180,591,550,1804,230,755,14.98,0,78,Sunny,3125
20288,Store B,195,1740,12314390,4361310,63151,7077,6/2/2012,6,2012,Saturday,180,591,550,1804,230,755,15.07,0,80,Sunny,3674
20288,Store B,143,1983,9187960,3037140,64251,4633,6/3/2012,6,2012,Sunday,180,591,550,1804,230,755,15.14,0,80,Sunny,3220
20288,Store B,91,924,10173850,-13800,111801,11011,6/4/2012,6,2012,Monday,180,591,550,1804,230,755,15.02,0,82,Cloudy,2923
20288,Store B,103,1267,14205400,0,137917,11212,6/5/2012,6,2012,Tuesday,180,591,550,1804,230,755,15.11,0,78,cloudy,3165
20288,Store B,110,930,9604300,0,87312,10327,6/6/2012,6,2012,Wednesday,180,591,550,1804,230,755,15.02,0,82,cloudy,2669
20288,Store B,114,971,10908900,3600,95692,11235,6/7/2012,6,2012,Thursday,180,591,550,1804,230,755,14.86,0,82,Sunny,3608
20288,Store B,114,1041,11230450,0,98513,10788,6/8/2012,6,2012,Friday,180,591,550,1804,230,755,14.7,0,80,Sunny,4283
20288,Store B,147,1063,12697000,0,86374,11944,6/9/2012,6,2012,Saturday,180,591,550,1804,230,755,14.75,0,84,cloudy,4461
20288,Store B,137,1008,13540100,26600,98833,13433,6/10/2012,6,2012,Sunday,180,591,550,1804,230,755,14.56,0,80,Sunny,4572
20288,Store B,144,1149,11845500,2200,82260,10309,6/11/2012,6,2012,Monday,180,591,550,1804,230,755,14.39,0,82,cloudy,3188
20288,Store B,87,776,7815450,18000,89833,10071,6/12/2012,6,2012,Tuesday,180,591,550,1804,230,755,14.53,0,86,cloudy,3134
20288,Store B,100,689,7199200,0,71992,10449,6/13/2012,6,2012,Wednesday,180,591,550,1804,230,755,14.71,0,82,Sunny,3006
20288,Store B,102,978,10011500,5900,98152,10237,6/14/2012,6,2012,Thursday,180,591,550,1804,230,755,14.66,0,87,Sunny,3394
20288,Store B,122,1161,11808500,11800,96791,10171,6/15/2012,6,2012,Friday,180,591,550,1804,230,755,14.68,0,82,Sunny,4615
20288,Store B,176,1286,12982150,0,73762,10095,6/16/2012,6,2012,Saturday,180,591,550,1804,230,755,14.73,0,84,cloudy,5129
20288,Store B,173,1387,18383650,41300,106264,13254,6/17/2012,6,2012,Sunday,180,591,550,1804,230,755,14.58,0,84,Sunny,4139
20288,Store B,120,1253,12645800,5900,105382,10092,6/18/2012,6,2012,Monday,180,591,550,1804,230,755,14.43,0,84,Sunny,2911
20288,Store B,118,824,9114950,13580,77245,11062,6/19/2012,6,2012,Tuesday,180,591,550,1804,230,755,14.49,0,91,Sunny,3263
20288,Store B,127,1133,8702500,29500,68524,7681,6/20/2012,6,2012,Wednesday,180,591,550,1804,230,755,14.62,0,87,rainy,3080
20288,Store B,112,868,8891300,9900,79387,10243,6/21/2012,6,2012,Thursday,180,591,550,1804,230,755,14.55,0,87,Sunny,3778
20288,Store B,150,1121,14347170,5300,95648,12799,6/22/2012,6,2012,Friday,180,591,550,1804,230,755,14.42,0,82,Sunny,4749
20288,Store B,154,2312,14678700,55700,95316,6349,6/23/2012,6,2012,Saturday,180,591,550,1804,230,755,14.39,0,86,rainy,4329
20288,Store B,170,1672,16759250,41300,98584,10023,6/24/2012,6,2012,Sunday,180,591,550,1804,230,755,14.17,0,91,Sunny,4265
20288,Store B,146,1297,9966450,23600,68263,7684,6/25/2012,6,2012,Monday,180,591,550,1804,230,755,14.38,0,89,Sunny,2809
20288,Store B,99,784,6764600,17700,68329,8628,6/26/2012,6,2012,Tuesday,180,591,550,1804,230,755,14.51,0,87,Sunny,3714
20288,Store B,114,658,6992950,17700,61342,10628,6/27/2012,6,2012,Wednesday,180,591,550,1804,230,755,14.56,0,86,Sunny,3400
20288,Store B,119,817,8238100,15900,69228,10083,6/28/2012,6,2012,Thursday,180,591,550,1804,230,755,14.52,0,84,Sunny,3244
20288,Store B,131,1174,11357100,29500,86695,9674,6/29/2012,6,2012,Friday,180,591,550,1804,230,755,14.53,0,87,rainy,3721
20288,Store B,141,1331,12179600,11800,86380,9151,6/30/2012,6,2012,Saturday,180,591,550,1804,230,755,14.54,0,75,rainy,4313
20288,Store B,164,1539,16996800,41300,103639,11044,7/1/2012,7,2012,Sunday,180,591,550,1804,230,755,14.15,0,77,cloudy,4848
20288,Store B,103,1062,13061600,29500,126812,12299,7/2/2012,7,2012,Monday,180,591,550,1804,230,755,13.95,0,84,cloudy,3055
20288,Store B,84,680,8705200,17700,103633,12802,7/3/2012,7,2012,Tuesday,180,591,550,1804,230,755,14.21,0,78,rainy,3535
20288,Store B,100,527,10582200,29500,105822,20080,7/4/2012,7,2012,Wednesday,180,591,550,1804,230,755,14.25,0,78,cloudy,3549
20288,Store B,88,660,7422200,11800,84343,11246,7/5/2012,7,2012,Thursday,180,591,550,1804,230,755,14.22,0,77,rainy,3665
20288,Store B,141,1584,11854550,3055100,84075,7484,7/6/2012,7,2012,Friday,180,591,550,1804,230,755,14.2,0,73,rainy,4466
20288,Store B,191,1764,15762720,3916180,82527,8936,7/7/2012,7,2012,Saturday,180,591,550,1804,230,755,14.25,0,86,Sunny,5122
20288,Store B,247,2593,18426350,4897550,74601,7106,7/8/2012,7,2012,Sunday,180,591,550,1804,230,755,14.23,0,86,Sunny,5051
20288,Store B,130,1072,12170400,23600,93618,11353,7/9/2012,7,2012,Monday,180,591,550,1804,230,755,14.11,0,87,cloudy,3463
20288,Store B,77,725,4718550,11800,61280,6508,7/10/2012,7,2012,Tuesday,180,591,550,1804,230,755,14.24,0,84,rainy,3337
20288,Store B,93,681,8403000,29500,90355,12339,7/11/2012,7,2012,Wednesday,180,591,550,1804,230,755,14.36,0,78,rainy,3700
20288,Store B,94,694,8670100,17700,92235,12493,7/12/2012,7,2012,Thursday,180,591,550,1804,230,755,14.36,0,82,rainy,3084
20288,Store B,121,719,11020800,6000,91081,15328,7/13/2012,7,2012,Friday,180,591,550,1804,230,755,14.47,0,84,rainy,3159
20288,Store B,141,970,12792900,11800,90730,13189,7/14/2012,7,2012,Saturday,180,591,550,1804,230,755,14.5,1,78,rainy,4462
20288,Store B,138,1160,13422100,17200,97262,11571,7/15/2012,7,2012,Sunday,180,591,550,1804,230,755,14.3,1,69,rainy,2858
20288,Store B,155,1156,11473200,12000,74021,9925,7/16/2012,7,2012,Monday,180,591,550,1804,230,755,14.13,1,77,rainy,2008
20288,Store B,88,593,7355700,5900,83588,12404,7/17/2012,7,2012,Tuesday,180,591,550,1804,230,755,14.38,0,86,rainy,1853
20288,Store B,82,462,6801200,0,82941,14721,7/18/2012,7,2012,Wednesday,180,591,550,1804,230,755,14.47,0,84,rainy,1731
20288,Store B,67,531,6317800,0,94296,11898,7/19/2012,7,2012,Thursday,180,591,550,1804,230,755,14.45,0,80,rainy,2041
20288,Store B,88,617,8954100,0,101751,14512,7/20/2012,7,2012,Friday,180,591,550,1804,230,755,14.47,0,84,Sunny,2676
20288,Store B,136,1058,13357400,0,98216,12625,7/21/2012,7,2012,Saturday,180,591,550,1804,230,755,14.51,0,87,Sunny,3667
20288,Store B,115,972,10352900,5900,90025,10651,7/22/2012,7,2012,Sunday,180,591,550,1804,230,755,14.5,0,87,rainy,3563
20288,Store B,98,1061,9247900,0,94366,8716,7/23/2012,7,2012,Monday,180,591,550,1804,230,755,14.54,0,87,Cloudy,2454
20288,Store B,92,780,6553900,11800,71238,8402,7/24/2012,7,2012,Tuesday,180,591,550,1804,230,755,14.65,0,87,Cloudy,2571
20288,Store B,87,642,7017500,5900,80661,10931,7/25/2012,7,2012,Wednesday,180,591,550,1804,230,755,14.66,0,87,Sunny,3201
20288,Store B,99,764,8394700,17700,84795,10988,7/26/2012,7,2012,Thursday,180,591,550,1804,230,755,14.69,0,87,Cloudy,3016
20288,Store B,98,519,6029400,11800,61524,11617,7/27/2012,7,2012,Friday,180,591,550,1804,230,755,14.66,0,89,Sunny,2869
20288,Store B,126,874,9156500,-4200,72671,10477,7/28/2012,7,2012,Saturday,180,591,550,1804,230,755,14.54,0,89,Sunny,3176
20288,Store B,99,1125,13383500,5900,135187,11896,7/29/2012,7,2012,Sunday,180,591,550,1804,230,755,14.5,0,91,Sunny,3500
20288,Store B,126,850,10641900,5900,84460,12520,7/30/2012,7,2012,Monday,180,591,550,1804,230,755,14.33,0,87,Rainy,2198
20288,Store B,90,922,6883800,11800,76487,7466,7/31/2012,7,2012,Tuesday,180,591,550,1804,230,755,14.41,0,89,Sunny,2627
20288,Store B,103,771,7332000,17700,71184,9510,8/1/2012,8,2012,Wednesday,180,591,550,1804,230,755,14.46,0,95,Cloudy,2957
20288,Store B,128,1568,13667200,17700,106775,8716,8/2/2012,8,2012,Thursday,180,591,550,1804,230,755,14.41,0,96,Sunny,2781
20288,Store B,98,703,9653000,0,98500,13731,8/3/2012,8,2012,Friday,180,591,550,1804,230,755,14.42,0,96,Sunny,2028
20288,Store B,90,728,5892300,17800,65470,8094,8/4/2012,8,2012,Saturday,180,591,550,1804,230,755,14.46,0,96,Sunny,2168
20288,Store B,107,1007,11488000,23600,107364,11408,8/5/2012,8,2012,Sunday,180,591,550,1804,230,755,14.33,0,96,Sunny,2730
20288,Store B,82,1657,10732200,11800,130880,6477,8/6/2012,8,2012,Monday,180,591,550,1804,230,755,14.03,0,95,Sunny,2515
20288,Store B,108,935,9052850,11800,83823,9682,8/7/2012,8,2012,Tuesday,180,591,550,1804,230,755,14.25,0,95,Rainy,3106
20288,Store B,95,795,7018500,0,73879,8828,8/8/2012,8,2012,Wednesday,180,591,550,1804,230,755,14.36,0,93,Sunny,2987
20288,Store B,112,775,9187800,0,82034,11855,8/9/2012,8,2012,Thursday,180,591,550,1804,230,755,14.37,0,95,Sunny,2966
20288,Store B,113,677,8190950,0,72486,12099,8/10/2012,8,2012,Friday,180,591,550,1804,230,755,14.34,0,84,Rainy,2275
20288,Store B,116,1210,12531600,0,108031,10357,8/11/2012,8,2012,Saturday,180,591,550,1804,230,755,14.41,0,87,Cloudy,3664
20288,Store B,114,1249,13786400,-111500,120933,11038,8/12/2012,8,2012,Sunday,180,591,550,1804,230,755,14.43,0,82,Rainy,4893
20288,Store B,163,1437,16419800,0,100735,11426,8/13/2012,8,2012,Monday,180,591,550,1804,230,755,14.44,0,91,Rainy,3643
20288,Store B,140,1284,15189400,8000,108496,11830,8/14/2012,8,2012,Tuesday,180,591,550,1804,230,755,14.41,0,87,Rainy,3521
20288,Store B,121,1024,11428500,5900,94450,11161,8/15/2012,8,2012,Wednesday,180,591,550,1804,230,755,14.38,0,80,Rainy,4631
20288,Store B,147,1309,12230900,0,83203,9344,8/16/2012,8,2012,Thursday,180,591,550,1804,230,755,14.36,0,84,Sunny,4406
20288,Store B,205,2158,15381910,3089540,75034,7128,8/17/2012,8,2012,Friday,180,591,550,1804,230,755,14.3,0,89,Cloudy,3618
20288,Store B,159,1834,14095350,2577650,88650,7686,8/18/2012,8,2012,Saturday,180,591,550,1804,230,755,14.28,0,84,Rainy,3769
20288,Store B,209,2079,14478010,2726090,69273,6964,8/19/2012,8,2012,Sunday,180,591,550,1804,230,755,14.26,0,87,Rainy,4768
20288,Store B,135,805,9107300,0,67461,11313,8/20/2012,8,2012,Monday,180,591,550,1804,230,755,14.26,0,80,Rainy,4178
20288,Store B,117,789,7898750,0,67511,10011,8/21/2012,8,2012,Tuesday,180,591,550,1804,230,755,14.27,0,84,Rainy,3626
20288,Store B,149,1235,13908100,0,93343,11262,8/22/2012,8,2012,Wednesday,180,591,550,1804,230,755,14.23,0,75,Rainy,3295
20288,Store B,134,962,12051650,4200,89938,12528,8/23/2012,8,2012,Thursday,180,591,550,1804,230,755,14.24,0,78,Cloudy,3133
20288,Store B,128,1321,13742100,0,107360,10403,8/24/2012,8,2012,Friday,180,591,550,1804,230,755,14.39,0,80,Rainy,2765
20288,Store B,134,1328,15075700,0,112505,11352,8/25/2012,8,2012,Saturday,180,591,550,1804,230,755,14.42,0,84,Rainy,3594
20288,Store B,198,1526,24246100,0,122455,15889,8/26/2012,8,2012,Sunday,180,591,550,1804,230,755,14.3,0,89,Cloudy,6488
20288,Store B,197,1524,19239200,0,97661,12624,8/27/2012,8,2012,Monday,180,591,550,1804,230,755,14.12,0,91,Cloudy,5387
20288,Store B,128,1116,9452400,0,73847,8470,8/28/2012,8,2012,Tuesday,180,591,550,1804,230,755,14.3,0,84,Rainy,4533
20288,Store B,178,1783,14845400,0,83401,8326,8/29/2012,8,2012,Wednesday,180,591,550,1804,230,755,14.44,0,84,Rainy,4436
20288,Store B,139,1217,13713950,0,98662,11269,8/30/2012,8,2012,Thursday,180,591,550,1804,230,755,14.42,0,75,Rainy,3997
20288,Store B,165,1595,19353600,71500,117295,12134,8/31/2012,8,2012,Friday,180,591,550,1804,230,755,14.41,0,82,Sunny,2718
20288,Store B,195,1836,18425850,0,94492,10036,9/1/2012,9,2012,Saturday,180,591,550,1804,230,755,14.44,0,82,Sunny,3543
20288,Store B,184,1651,22594600,0,122797,13685,9/2/2012,9,2012,Sunday,180,591,550,1804,230,755,14.4,0,84,Sunny,5250
20288,Store B,166,1359,14812950,0,89235,10900,9/3/2012,9,2012,Monday,180,591,550,1804,230,755,14.44,0,82,Sunny,4036
20288,Store B,144,1104,11026000,0,76569,9987,9/4/2012,9,2012,Tuesday,180,591,550,1804,230,755,14.45,0,73,Rainy,3686
20288,Store B,194,1295,12234750,0,63066,9448,9/5/2012,9,2012,Wednesday,180,591,550,1804,230,755,14.44,0,77,Rainy,6226
20288,Store B,148,1584,16798000,-303040,113500,10605,9/6/2012,9,2012,Thursday,180,591,550,1804,230,755,14.47,0,78,Sunny,3448
20288,Store B,187,1698,11478680,3303520,61383,6760,9/7/2012,9,2012,Friday,180,591,550,1804,230,755,14.42,0,80,Cloudy,4374
20288,Store B,181,1317,12917010,2322440,71365,9808,9/8/2012,9,2012,Saturday,180,591,550,1804,230,755,14.35,0,73,Rainy,4886
20288,Store B,194,1831,16872100,3850150,86970,9215,9/9/2012,9,2012,Sunday,180,591,550,1804,230,755,14.28,0,77,Cloudy,4923
20288,Store B,154,1722,12985100,0,84319,7541,9/10/2012,9,2012,Monday,180,591,550,1804,230,755,14,0,80,Sunny,3936
20288,Store B,133,1028,11043600,0,83035,10743,9/11/2012,9,2012,Tuesday,180,591,550,1804,230,755,14.26,0,82,Sunny,3984
20288,Store B,168,1392,13645600,0,81224,9803,9/12/2012,9,2012,Wednesday,180,591,550,1804,230,755,14.45,0,77,Cloudy,3601
20288,Store B,115,1183,10923900,0,94990,9234,9/13/2012,9,2012,Thursday,180,591,550,1804,230,755,14.46,0,69,Rainy,2668
20288,Store B,129,1100,12728000,0,98667,11571,9/14/2012,9,2012,Friday,180,591,550,1804,230,755,14.51,0,69,Rainy,3175
20288,Store B,187,1344,16473900,-10000,88096,12257,9/15/2012,9,2012,Saturday,180,591,550,1804,230,755,14.36,1,77,Cloudy,4434
20288,Store B,159,1256,18237900,-42500,114704,14521,9/16/2012,9,2012,Sunday,180,591,550,1804,230,755,14.14,1,71,Rainy,3207
20288,Store B,116,1175,12463300,-34590,107442,10607,9/17/2012,9,2012,Monday,180,591,550,1804,230,755,14.23,1,64,Rainy,3962
20288,Store B,166,1153,12414400,0,74786,10767,9/18/2012,9,2012,Tuesday,180,591,550,1804,230,755,14.21,0,75,Cloudy,3649
20288,Store B,126,741,8569500,0,68012,11565,9/19/2012,9,2012,Wednesday,180,591,550,1804,230,755,14.2,0,77,Sunny,2655
20288,Store B,141,1548,11255950,0,79829,7271,9/20/2012,9,2012,Thursday,180,591,550,1804,230,755,14.17,0,75,Rainy,2829
20288,Store B,130,1148,11126500,0,85588,9692,9/21/2012,9,2012,Friday,180,591,550,1804,230,755,14.3,0,75,Cloudy,2851
20288,Store B,170,1682,16287000,0,95806,9683,9/22/2012,9,2012,Saturday,180,591,550,1804,230,755,14.3,1,78,Sunny,3169
20288,Store B,105,610,7575400,0,72147,12419,9/23/2012,9,2012,Sunday,180,591,550,1804,230,755,14.19,1,78,Cloudy,3195
20288,Store B,149,1611,15380600,0,103226,9547,9/24/2012,9,2012,Monday,180,591,550,1804,230,755,14.3,1,80,Sunny,4327
20288,Store B,154,1406,14780500,0,95977,10512,9/25/2012,9,2012,Tuesday,180,591,550,1804,230,755,14.35,0,80,Sunny,3676
20288,Store B,138,851,11211000,0,81239,13174,9/26/2012,9,2012,Wednesday,180,591,550,1804,230,755,14.36,0,77,Sunny,2535
20288,Store B,140,870,9456700,0,67548,10870,9/27/2012,9,2012,Thursday,180,591,550,1804,230,755,14.39,0,73,Cloudy,1633
20288,Store B,71,576,7463000,0,105113,12957,9/28/2012,9,2012,Friday,180,591,550,1804,230,755,14.37,0,71,Rainy,1732
20288,Store B,77,727,6662700,0,86529,9165,9/29/2012,9,2012,Saturday,180,591,550,1804,230,755,14.32,0,66,Rainy,1886
20288,Store B,80,554,6873700,0,85921,12407,9/30/2012,9,2012,Sunday,180,591,550,1804,230,755,14.19,0,68,Sunny,1656
20288,Store B,79,646,7374600,0,93349,11416,10/1/2012,10,2012,Monday,180,591,550,1804,230,755,14.06,0,73,Sunny,1219
20288,Store B,104,914,8573700,-53000,82439,9380,10/2/2012,10,2012,Tuesday,180,591,550,1804,230,755,14.19,0,75,Sunny,
20288,Store B,93,875,7115000,9000,76505,8131,10/3/2012,10,2012,Wednesday,180,591,550,1804,230,755,14.24,0,77,Sunny,
20288,Store B,70,475,5548300,0,79261,11681,10/4/2012,10,2012,Thursday,180,591,550,1804,230,755,14.2,0,75,Cloudy,
20288,Store B,117,1043,12082090,1847910,103266,11584,10/5/2012,10,2012,Friday,180,591,550,1804,230,755,14.16,0,71,Sunny,
20288,Store B,129,1535,13566490,3689960,105167,8838,10/6/2012,10,2012,Saturday,180,591,550,1804,230,755,14.12,1,75,Sunny,
20288,Store B,202,1862,16507150,3815400,81719,8865,10/7/2012,10,2012,Sunday,180,591,550,1804,230,755,14.09,1,75,Sunny,
20288,Store B,104,637,8389200,0,80665,13170,10/8/2012,10,2012,Monday,180,591,550,1804,230,755,13.89,1,73,Sunny,2539
20288,Store B,115,765,9912600,0,86197,12958,10/9/2012,10,2012,Tuesday,180,591,550,1804,230,755,14.03,0,71,Cloudy,2897
20288,Store B,100,575,8396300,-18850,83963,14602,10/10/2012,10,2012,Wednesday,180,591,550,1804,230,755,14.18,0,69,Rainy,2482
20288,Store B,85,979,6957450,-28200,81852,7107,10/11/2012,10,2012,Thursday,180,591,550,1804,230,755,14.22,0,66,Sunny,2101
20288,Store B,119,810,12367700,7200,103930,15269,10/12/2012,10,2012,Friday,180,591,550,1804,230,755,14.22,0,69,Sunny,3964
20288,Store B,147,968,13475300,0,91669,13921,10/13/2012,10,2012,Saturday,180,591,550,1804,230,755,14.16,0,73,Sunny,3274
20288,Store B,135,883,10631000,0,78748,12040,10/14/2012,10,2012,Sunday,180,591,550,1804,230,755,14.04,0,69,Cloudy,3728
20288,Store B,127,990,11120500,0,87563,11233,10/15/2012,10,2012,Monday,180,591,550,1804,230,755,14.14,0,68,Sunny,2711
20288,Store B,105,815,8999400,0,85709,11042,10/16/2012,10,2012,Tuesday,180,591,550,1804,230,755,14.13,0,75,Cloudy,3038
20288,Store B,132,1085,12020500,28800,91064,11079,10/17/2012,10,2012,Wednesday,180,591,550,1804,230,755,14.03,0,62,Rainy,2596
20288,Store B,117,945,11353550,-3000,97039,12014,10/18/2012,10,2012,Thursday,180,591,550,1804,230,755,14.01,0,60,Sunny,2431
20288,Store B,121,924,11065550,0,91451,11976,10/19/2012,10,2012,Friday,180,591,550,1804,230,755,13.94,0,66,Sunny,2961
20288,Store B,164,930,13521200,28700,82446,14539,10/20/2012,10,2012,Saturday,180,591,550,1804,230,755,13.92,0,68,Cloudy,3561
20288,Store B,117,903,11416150,21000,97574,12642,10/21/2012,10,2012,Sunday,180,591,550,1804,230,755,13.78,0,73,Cloudy,3561
20288,Store B,109,1052,11086050,78300,101707,10538,10/22/2012,10,2012,Monday,180,591,550,1804,230,755,13.82,0,64,Rainy,2842
20288,Store B,77,367,5875400,0,76304,16009,10/23/2012,10,2012,Tuesday,180,591,550,1804,230,755,13.85,0,57,Sunny,2957
20288,Store B,115,1220,15022300,0,130629,12313,10/24/2012,10,2012,Wednesday,180,591,550,1804,230,755,13.8,0,64,Sunny,2297
20288,Store B,155,1159,12027200,0,77595,10377,10/25/2012,10,2012,Thursday,180,591,550,1804,230,755,13.81,0,68,Sunny,2635
20288,Store B,106,777,9286100,0,87605,11951,10/26/2012,10,2012,Friday,180,591,550,1804,230,755,13.72,0,69,Cloudy,3027
20288,Store B,107,1081,12745700,0,119119,11791,10/27/2012,10,2012,Saturday,180,591,550,1804,230,755,13.7,0,62,Rainy,3043
20288,Store B,136,1059,13328400,0,98003,12586,10/28/2012,10,2012,Sunday,180,591,550,1804,230,755,13.62,0,64,Sunny,2798
20288,Store B,120,800,10912300,0,90936,13640,10/29/2012,10,2012,Monday,180,591,550,1804,230,755,13.41,0,59,Cloudy,2349
20288,Store B,103,615,9335500,0,90636,15180,10/30/2012,10,2012,Tuesday,180,591,550,1804,230,755,13.61,0,51,Sunny,2137
20288,Store B,101,793,8274850,0,81929,10435,10/31/2012,10,2012,Wednesday,180,591,550,1804,230,755,13.71,0,51,Rainy,1628
20288,Store B,100,580,6624400,0,66244,11421,11/1/2012,11,2012,Thursday,180,591,550,1804,230,755,13.66,0,50,Sunny,1857
20288,Store B,106,730,7966540,756860,75156,10913,11/2/2012,11,2012,Friday,180,591,550,1804,230,755,13.62,0,51,Sunny,1870
20288,Store B,150,1474,13859210,1884110,92395,9402,11/3/2012,11,2012,Saturday,180,591,550,1804,230,755,13.57,0,57,Sunny,2178
20288,Store B,68,454,5899820,1319580,86762,12995,11/4/2012,11,2012,Sunday,180,591,550,1804,230,755,13.46,0,59,Rainy,2112
20288,Store B,115,1138,10245490,2821710,89091,9003,11/5/2012,11,2012,Monday,180,591,550,1804,230,755,13.38,0,51,Rainy,2302
20288,Store B,70,549,5509800,0,78711,10036,11/6/2012,11,2012,Tuesday,180,591,550,1804,230,755,13.58,0,48,Rainy,2017
20288,Store B,97,601,4804400,3600,49530,7994,11/7/2012,11,2012,Wednesday,180,591,550,1804,230,755,13.58,0,53,Sunny,1926
20288,Store B,89,544,7470500,0,83938,13733,11/8/2012,11,2012,Thursday,180,591,550,1804,230,755,13.55,0,57,Cloudy,2052
20288,Store B,80,607,6034300,0,75429,9941,11/9/2012,11,2012,Friday,180,591,550,1804,230,755,13.63,0,55,Cloudy,2639
20288,Store B,129,882,10841900,0,84046,12292,11/10/2012,11,2012,Saturday,180,591,550,1804,230,755,13.69,0,59,Cloudy,2730
20288,Store B,94,938,7293100,0,77586,7775,11/11/2012,11,2012,Sunday,180,591,550,1804,230,755,13.53,0,55,Rainy,2435
20288,Store B,83,678,6209200,10800,74810,9158,11/12/2012,11,2012,Monday,180,591,550,1804,230,755,13.31,0,48,Rainy,2317
20288,Store B,83,477,5660400,0,68198,11867,11/13/2012,11,2012,Tuesday,180,591,550,1804,230,755,13.54,0,48,Snowy,2356
20288,Store B,72,609,5079800,0,70553,8341,11/14/2012,11,2012,Wednesday,180,591,550,1804,230,755,13.71,0,42,Snowy,1760
20288,Store B,65,406,4523000,0,69585,11140,11/15/2012,11,2012,Thursday,180,591,550,1804,230,755,13.59,0,48,Sunny,2172
20288,Store B,82,432,6075900,0,74096,14065,11/16/2012,11,2012,Friday,180,591,550,1804,230,755,13.44,0,48,Rainy,4056
20288,Store B,158,1134,13101600,0,82922,11553,11/17/2012,11,2012,Saturday,180,591,550,1804,230,755,13.43,0,46,Rainy,3262
20288,Store B,109,910,8044300,0,73801,8840,11/18/2012,11,2012,Sunday,180,591,550,1804,230,755,13.38,0,44,Sunny,2359
20288,Store B,93,1090,8228400,0,88477,7549,11/19/2012,11,2012,Monday,180,591,550,1804,230,755,13.42,0,46,Rainy,2617
20288,Store B,74,548,5779200,0,78097,10546,11/20/2012,11,2012,Tuesday,180,591,550,1804,230,755,13.38,0,42,Sunny,2159
20288,Store B,75,862,5188200,0,69176,6019,11/21/2012,11,2012,Wednesday,180,591,550,1804,230,755,13.29,0,46,Cloudy,3059
20288,Store B,96,704,9055500,3600,94328,12863,11/22/2012,11,2012,Thursday,180,591,550,1804,230,755,13.17,0,50,Rainy,3318
20288,Store B,135,1262,13085600,-112400,96930,10369,11/23/2012,11,2012,Friday,180,591,550,1804,230,755,13.13,1,41,Sunny,3771
20288,Store B,161,1036,9863250,0,61262,9521,11/24/2012,11,2012,Saturday,180,591,550,1804,230,755,13.18,1,42,Sunny,1783
20288,Store B,103,776,8790800,0,85348,11328,11/25/2012,11,2012,Sunday,180,591,550,1804,230,755,13,1,44,Rainy,2713
20288,Store B,84,355,3447800,0,41045,9712,11/26/2012,11,2012,Monday,180,591,550,1804,230,755,12.83,0,41,Snowy,2489
20288,Store B,74,617,4038450,0,54574,6545,11/27/2012,11,2012,Tuesday,180,591,550,1804,230,755,13.07,0,42,Sunny,2485
20288,Store B,80,826,5290000,0,66125,6404,11/28/2012,11,2012,Wednesday,180,591,550,1804,230,755,13.2,0,51,Rainy,2431
20288,Store B,65,382,3605400,6000,55468,9438,11/29/2012,11,2012,Thursday,180,591,550,1804,230,755,13.25,0,39,Sunny,2332
20288,Store B,84,498,6021600,-5000,71686,12092,11/30/2012,11,2012,Friday,180,591,550,1804,230,755,13.19,0,42,Rainy,2129
20288,Store B,94,1108,10235400,4500,108887,9238,12/1/2012,12,2012,Saturday,180,591,550,1804,230,755,13.12,0,35,Sunny,2587
20288,Store B,105,976,11766600,4500,112063,12056,12/2/2012,12,2012,Sunday,180,591,550,1804,230,755,12.98,0,42,Cloudy,2534
20288,Store B,92,740,9355900,0,101695,12643,12/3/2012,12,2012,Monday,180,591,550,1804,230,755,12.81,0,42,Snowy,2104
20288,Store B,55,444,3719900,0,67635,8378,12/4/2012,12,2012,Tuesday,180,591,550,1804,230,755,13.02,0,32,Sunny,1684
20288,Store B,44,453,3857600,0,87673,8516,12/5/2012,12,2012,Wednesday,180,591,550,1804,230,755,13.2,0,32,Snowy,2534
20288,Store B,50,402,3541000,4500,70820,8808,12/6/2012,12,2012,Thursday,180,591,550,1804,230,755,13.16,0,26,Snowy,2546
20288,Store B,94,684,6008120,2016530,63916,8784,12/7/2012,12,2012,Friday,180,591,550,1804,230,755,13.13,0,28,Snowy,2440
20288,Store B,118,1114,8767220,2930570,74298,7870,12/8/2012,12,2012,Saturday,180,591,550,1804,230,755,13.12,0,19,Sunny,2558
20288,Store B,116,1348,10636480,3550020,91694,7891,12/9/2012,12,2012,Sunday,180,591,550,1804,230,755,13,0,17,Sunny,2478
20288,Store B,71,618,5665600,0,79797,9168,12/10/2012,12,2012,Monday,180,591,550,1804,230,755,13.09,0,21,Sunny,1493
20288,Store B,48,524,3937000,0,82021,7513,12/11/2012,12,2012,Tuesday,180,591,550,1804,230,755,13.1,0,26,Sunny,1450
20288,Store B,48,402,3618300,6300,75381,9001,12/12/2012,12,2012,Wednesday,180,591,550,1804,230,755,13.05,0,30,Sunny,18114
20288,Store B,52,336,2940200,0,56542,8751,12/13/2012,12,2012,Thursday,180,591,550,1804,230,755,12.96,0,37,Sunny,1894
20288,Store B,56,619,7233800,0,129175,11686,12/14/2012,12,2012,Friday,180,591,550,1804,230,755,12.85,0,37,Rainy,1937
20288,Store B,101,763,9456200,0,93626,12393,12/15/2012,12,2012,Saturday,180,591,550,1804,230,755,12.83,0,44,Cloudy,2401
20288,Store B,86,497,6185600,0,71926,12446,12/16/2012,12,2012,Sunday,180,591,550,1804,230,755,12.73,0,39,Cloudy,2533
20288,Store B,55,523,3474900,0,63180,6644,12/17/2012,12,2012,Monday,180,591,550,1804,230,755,12.52,0,37,Sunny,12119
20288,Store B,39,227,2032800,0,52123,8955,12/18/2012,12,2012,Tuesday,180,591,550,1804,230,755,12.65,0,24,Sunny,1593
20288,Store B,53,546,4126900,0,77866,7558,12/19/2012,12,2012,Wednesday,180,591,550,1804,230,755,12.76,0,24,Sunny,1572
20288,Store B,54,377,4992300,0,92450,13242,12/20/2012,12,2012,Thursday,180,591,550,1804,230,755,12.7,0,32,Sunny,1271
20288,Store B,53,409,4629600,3600,87351,11319,12/21/2012,12,2012,Friday,180,591,550,1804,230,755,12.74,0,32,Snowy,1611
20288,Store B,92,726,7658600,0,83246,10549,12/22/2012,12,2012,Saturday,180,591,550,1804,230,755,12.77,1,30,Cloudy,2257
20288,Store B,85,623,5639900,0,66352,9053,12/23/2012,12,2012,Sunday,180,591,550,1804,230,755,12.76,1,19,Sunny,1293
20288,Store B,59,429,4536800,0,76895,10575,12/24/2012,12,2012,Monday,180,591,550,1804,230,755,12.76,1,21,Snowy,995
20288,Store B,59,327,3999100,0,67781,12230,12/25/2012,12,2012,Tuesday,180,591,550,1804,230,755,12.7,0,21,Snowy,1518
20288,Store B,76,765,8112300,0,106741,10604,12/26/2012,12,2012,Wednesday,180,591,550,1804,230,755,12.65,0,17,Sunny,2930
20288,Store B,56,578,4117000,0,73518,7123,12/27/2012,12,2012,Thursday,180,591,550,1804,230,755,12.61,0,28,Sunny,2007
20288,Store B,64,667,4132300,0,64567,6195,12/28/2012,12,2012,Friday,180,591,550,1804,230,755,12.48,0,35,Snowy,1808
20288,Store B,77,490,6307250,0,81912,12872,12/29/2012,12,2012,Saturday,180,591,550,1804,230,755,12.38,0,32,Snowy,2160
20288,Store B,85,800,7584000,0,89224,9480,12/30/2012,12,2012,Sunday,180,591,550,1804,230,755,12.41,0,32,Snowy,3015
20288,Store B,114,816,6574600,0,57672,8057,12/31/2012,12,2012,Monday,180,591,550,1804,230,755,12.42,0,19,Sunny,2103
20288,Store B,87,828,8283100,0,95208,10004,1/1/2013,1,2013,Tuesday,180,591,550,1804,230,755,12.29,0,32,Snowy,2054
20288,Store B,89,522,6172500,0,69354,11825,1/2/2013,1,2013,Wednesday,180,591,550,1804,230,755,12.28,0,21,Sunny,3761
20288,Store B,78,734,6567100,0,84194,8947,1/3/2013,1,2013,Thursday,180,591,550,1804,230,755,12.21,0,14,Sunny,3761
20288,Store B,96,622,8245900,4500,85895,13257,1/4/2013,1,2013,Friday,180,591,550,1804,230,755,12.19,0,17,Sunny,2159
20288,Store B,83,603,5951700,0,71707,9870,1/5/2013,1,2013,Saturday,180,591,550,1804,230,755,12.08,0,28,Snowy,1505
20288,Store B,42,214,1856300,0,44198,8674,1/6/2013,1,2013,Sunday,180,591,550,1804,230,755,11.9,0,24,Cloudy,1552
20288,Store B,35,119,1665400,0,47583,13995,1/7/2013,1,2013,Monday,180,591,550,1804,230,755,11.71,0,28,Cloudy,1097
20288,Store B,43,574,5876000,0,136651,10237,1/8/2013,1,2013,Tuesday,180,591,550,1804,230,755,11.96,0,28,Sunny,1019
20288,Store B,41,292,2330300,0,56837,7980,1/9/2013,1,2013,Wednesday,180,591,550,1804,230,755,12.15,0,17,Sunny,915
20288,Store B,42,163,1836700,0,43731,11268,1/10/2013,1,2013,Thursday,180,591,550,1804,230,755,12.12,0,23,Sunny,841
20288,Store B,42,407,4217100,0,100407,10361,1/11/2013,1,2013,Friday,180,591,550,1804,230,755,12.01,0,33,Cloudy,1103
20288,Store B,67,764,7068400,0,105499,9252,1/12/2013,1,2013,Saturday,180,591,550,1804,230,755,11.85,1,39,Snowy,2301
20288,Store B,73,462,5798200,0,79427,12550,1/13/2013,1,2013,Sunday,180,591,550,1804,230,755,11.7,1,32,Cloudy,1332
20288,Store B,59,411,4007000,0,67915,9749,1/14/2013,1,2013,Monday,180,591,550,1804,230,755,11.48,1,35,Cloudy,1490
20288,Store B,49,222,2386600,27000,48706,10750,1/15/2013,1,2013,Tuesday,180,591,550,1804,230,755,11.66,0,35,Sunny,1522
20288,Store B,68,738,4591900,4500,67528,6222,1/16/2013,1,2013,Wednesday,180,591,550,1804,230,755,11.87,0,32,Snowy,1409
20288,Store B,64,576,4166100,1307400,65095,7233,1/17/2013,1,2013,Thursday,180,591,550,1804,230,755,11.97,0,24,Sunny,1442
20288,Store B,55,310,3865860,1218440,70288,12471,1/18/2013,1,2013,Friday,180,591,550,1804,230,755,11.88,0,32,Sunny,1717
20288,Store B,91,921,4713720,1457680,51799,5118,1/19/2013,1,2013,Saturday,180,591,550,1804,230,755,11.75,0,39,Sunny,2009
20288,Store B,90,931,6437330,1513970,71526,6914,1/20/2013,1,2013,Sunday,180,591,550,1804,230,755,11.66,0,39,Cloudy,2413
20288,Store B,48,333,3745150,1177250,78024,11247,1/21/2013,1,2013,Monday,180,591,550,1804,230,755,11.53,0,39,Rainy,1877
20288,Store B,57,338,6099800,0,107014,18047,1/22/2013,1,2013,Tuesday,180,591,550,1804,230,755,11.74,0,41,Rainy,2085
20288,Store B,51,383,3961100,0,77669,10342,1/23/2013,1,2013,Wednesday,180,591,550,1804,230,755,11.93,0,37,Rainy,1798
20288,Store B,63,353,3726800,0,59156,10558,1/24/2013,1,2013,Thursday,180,591,550,1804,230,755,12.03,0,37,Snowy,1971
20288,Store B,73,488,4271200,0,58510,8752,1/25/2013,1,2013,Friday,180,591,550,1804,230,755,11.94,0,21,Sunny,2719
20288,Store B,88,802,6938350,0,78845,8651,1/26/2013,1,2013,Saturday,180,591,550,1804,230,755,11.82,0,21,Sunny,2638
20288,Store B,93,499,6195900,11700,66623,12417,1/27/2013,1,2013,Sunday,180,591,550,1804,230,755,11.69,0,24,Sunny,2467
20288,Store B,62,337,4005100,0,64598,11885,1/28/2013,1,2013,Monday,180,591,550,1804,230,755,11.8,0,32,Cloudy,1859
20288,Store B,59,443,4881700,0,82741,11020,1/29/2013,1,2013,Tuesday,180,591,550,1804,230,755,11.93,0,41,Snowy,1889
20288,Store B,58,731,3565300,0,61471,4877,1/30/2013,1,2013,Wednesday,180,591,550,1804,230,755,11.96,0,48,Cloudy,1921
20288,Store B,67,473,4174100,0,62300,8825,1/31/2013,1,2013,Thursday,180,591,550,1804,230,755,11.91,0,51,Sunny,1867
20288,Store B,51,530,6176700,-112640,121112,11654,2/1/2013,2,2013,Friday,180,591,550,1804,230,755,11.94,0,48,Rainy,1891
20288,Store B,53,519,3380900,0,63791,6514,2/2/2013,2,2013,Saturday,180,591,550,1804,230,755,11.87,0,35,Sunny,2518
20288,Store B,80,549,5130100,0,64126,9344,2/3/2013,2,2013,Sunday,180,591,550,1804,230,755,11.78,0,30,Snowy,3038
20288,Store B,61,550,3563100,0,58411,6478,2/4/2013,2,2013,Monday,180,591,550,1804,230,755,11.52,0,33,Snowy,3542
20288,Store B,67,667,4739200,0,70734,7105,2/5/2013,2,2013,Tuesday,180,591,550,1804,230,755,11.71,0,35,Snowy,
20288,Store B,56,329,3568200,0,63718,10846,2/6/2013,2,2013,Wednesday,180,591,550,1804,230,755,11.7,0,33,Snowy,
20288,Store B,46,269,3202700,0,69624,11906,2/7/2013,2,2013,Thursday,180,591,550,1804,230,755,11.61,0,28,Sunny,
20288,Store B,28,201,2254000,0,80500,11214,2/8/2013,2,2013,Friday,180,591,550,1804,230,755,11.63,0,15,Sunny,
20288,Store B,52,351,4527230,36270,87062,12898,2/9/2013,2,2013,Saturday,180,591,550,1804,230,755,11.75,1,28,Sunny,
20288,Store B,67,376,5019470,-25770,74917,13350,2/10/2013,2,2013,Sunday,180,591,550,1804,230,755,11.74,1,28,Snowy,
20288,Store B,49,472,2592700,0,52912,5493,2/11/2013,2,2013,Monday,180,591,550,1804,230,755,11.63,1,26,cloudy,
20288,Store B,44,383,3868900,0,87930,10102,2/12/2013,2,2013,Tuesday,180,591,550,1804,230,755,11.73,0,28,cloudy,
20288,Store B,63,399,4485700,16200,71202,11242,2/13/2013,2,2013,Wednesday,180,591,550,1804,230,755,11.62,0,35,cloudy,
20288,Store B,95,630,5896260,2016540,62066,9359,2/14/2013,2,2013,Thursday,180,591,550,1804,230,755,11.63,0,41,cloudy,
20288,Store B,88,1087,5989720,2033680,68065,5510,2/15/2013,2,2013,Friday,180,591,550,1804,230,755,11.61,0,32,cloudy,
20288,Store B,127,1336,7995450,2116750,62956,5985,2/16/2013,2,2013,Saturday,180,591,550,1804,230,755,11.6,0,33,Sunny,
20288,Store B,81,679,4034390,990710,49807,5942,2/17/2013,2,2013,Sunday,180,591,550,1804,230,755,11.48,0,42,cloudy,
20288,Store B,98,662,5031240,1132260,51339,7600,2/18/2013,2,2013,Monday,180,591,550,1804,230,755,11.25,0,35,cloudy,
20288,Store B,80,486,4410600,0,55133,9075,2/19/2013,2,2013,Tuesday,180,591,550,1804,230,755,11.46,0,32,Sunny,
20288,Store B,68,384,4367850,0,64233,11375,2/20/2013,2,2013,Wednesday,180,591,550,1804,230,755,11.53,0,30,Sunny,
20288,Store B,70,456,3357000,0,47957,7362,2/21/2013,2,2013,Thursday,180,591,550,1804,230,755,11.52,0,35,Sunny,
20288,Store B,66,336,4126900,4500,62529,12282,2/22/2013,2,2013,Friday,180,591,550,1804,230,755,11.62,0,39,Snowy,
20288,Store B,101,790,6443300,0,63795,8156,2/23/2013,2,2013,Saturday,180,591,550,1804,230,755,11.63,0,35,Sunny,
20288,Store B,81,615,4447400,0,54906,7232,2/24/2013,2,2013,Sunday,180,591,550,1804,230,755,11.5,0,41,Sunny,
20288,Store B,90,638,5126200,0,56958,8035,2/25/2013,2,2013,Monday,180,591,550,1804,230,755,11.33,0,44,cloudy,
20288,Store B,113,650,6087900,0,53875,9366,2/26/2013,2,2013,Tuesday,180,591,550,1804,230,755,11.47,0,46,Rainy,
20288,Store B,84,558,4714700,0,56127,8449,2/27/2013,2,2013,Wednesday,180,591,550,1804,230,755,11.82,0,44,Cloudy,
20288,Store B,78,741,4807600,0,61636,6488,2/28/2013,2,2013,Thursday,180,591,550,1804,230,755,11.81,0,55,Rainy,
20288,Store B,112,946,6186000,0,55232,6539,3/1/2013,3,2013,Friday,180,591,550,1804,230,755,11.72,0,44,Rainy,
20288,Store B,82,611,4400150,10800,53660,7202,3/2/2013,3,2013,Saturday,180,591,550,1804,230,755,11.66,0,35,Sunny,
20288,Store B,55,340,4396700,0,79940,12931,3/3/2013,3,2013,Sunday,180,591,550,1804,230,755,11.57,0,39,Sunny,
20288,Store B,69,454,3670450,0,53195,8085,3/4/2013,3,2013,Monday,180,591,550,1804,230,755,11.33,0,46,Sunny,
20288,Store B,93,557,5522300,4500,59380,9914,3/5/2013,3,2013,Tuesday,180,591,550,1804,230,755,11.54,0,46,Sunny,
20288,Store B,83,742,5114950,0,61626,6893,3/6/2013,3,2013,Wednesday,180,591,550,1804,230,755,11.64,0,57,Sunny,
20288,Store B,96,481,5293700,0,55143,11006,3/7/2013,3,2013,Thursday,180,591,550,1804,230,755,11.59,0,51,Rainy,
20288,Store B,91,747,6696850,0,73592,8965,3/8/2013,3,2013,Friday,180,591,550,1804,230,755,11.52,0,55,Cloudy,
20288,Store B,111,925,8420600,4500,75861,9103,3/9/2013,3,2013,Saturday,180,591,550,1804,230,755,11.4,0,71,Cloudy,
20288,Store B,89,629,6200600,10500,69670,9858,3/10/2013,3,2013,Sunday,180,591,550,1804,230,755,11.34,0,44,Sunny,
20288,Store B,84,552,3517600,6000,41876,6372,3/11/2013,3,2013,Monday,180,591,550,1804,230,755,11.21,0,50,Sunny,
20288,Store B,105,687,5273500,0,50224,7676,3/12/2013,3,2013,Tuesday,180,591,550,1804,230,755,11.37,0,53,Rainy,
20288,Store B,94,598,4099000,0,43606,6855,3/13/2013,3,2013,Wednesday,180,591,550,1804,230,755,11.37,0,46,Rainy,
20288,Store B,120,848,5519140,1889960,45993,6508,3/14/2013,3,2013,Thursday,180,591,550,1804,230,755,11.43,0,46,Sunny,
20288,Store B,170,2051,10999960,3807440,64706,5363,3/15/2013,3,2013,Friday,180,591,550,1804,230,755,11.49,0,48,Sunny,
20288,Store B,183,1628,8645680,2989520,47244,5311,3/16/2013,3,2013,Saturday,180,591,550,1804,230,755,11.56,0,51,Sunny,
