Code,Store Name,# of Customers,# of Items,Total Sales,Discount,Avg Sales per Customer,Avg Sales per Item,Date,Month,Year,Weekday,Distance from Station X(Meter),Distance from Station X(Feet),Distance from Station Y(Meter),Distance from Station Y(Feet),Distance from Main Street(Meter),Distance from Main Street(Feet),YenWonRatio,Holiday,ActualHighTemp,Outlook,Japanese Tourists
20002,Store A,289,2528,19579200,0,67748,7745,9/1/2011,9,2011,Thursday,250,820,500,1640,220,722,13.93,0,87,NA,
20002,Store A,230,2404,20031700,0,87094,8333,9/2/2011,9,2011,Friday,250,820,500,1640,220,722,13.83,0,89,NA,
20002,Store A,244,2018,20681800,0,84761,10249,9/3/2011,9,2011,Saturday,250,820,500,1640,220,722,13.83,0,87,Cloudy,
20002,Store A,230,1875,21673500,0,94233,11559,9/4/2011,9,2011,Sunday,250,820,500,1640,220,722,13.85,0,84,Cloudy,
20002,Store A,306,2327,21652200,0,70759,9305,9/5/2011,9,2011,Monday,250,820,500,1640,220,722,13.85,0,82,Sunny,
20002,Store A,300,2331,19235600,0,64119,8252,9/6/2011,9,2011,Tuesday,250,820,500,1640,220,722,13.9,0,82,Sunny,
20002,Store A,276,2791,22943500,0,83129,8221,9/7/2011,9,2011,Wednesday,250,820,500,1640,220,722,13.91,0,80,Cloudy,
20002,Store A,218,1994,17866200,0,81955,8960,9/8/2011,9,2011,Thursday,250,820,500,1640,220,722,13.86,0,77,Cloudy,
20002,Store A,205,2261,18668900,0,91068,8257,9/9/2011,9,2011,Friday,250,820,500,1640,220,722,13.87,0,69,Rainy,
20002,Store A,301,2269,21397200,0,71087,9430,9/10/2011,9,2011,Saturday,250,820,500,1640,220,722,13.88,0,78,NA,
20002,Store A,254,1922,17476400,0,68805,9093,9/11/2011,9,2011,Sunday,250,820,500,1640,220,722,13.87,0,73,Rainy,
20002,Store A,257,2131,20688600,0,80500,9708,9/12/2011,9,2011,Monday,250,820,500,1640,220,722,13.87,0,80,Cloudy,
20002,Store A,229,2047,17032300,0,74377,8321,9/13/2011,9,2011,Tuesday,250,820,500,1640,220,722,13.97,0,84,Cloudy,
20002,Store A,250,2207,17749200,0,70997,8042,9/14/2011,9,2011,Wednesday,250,820,500,1640,220,722,13.96,0,84,NA,
20002,Store A,285,2590,22187400,0,77851,8567,9/15/2011,9,2011,Thursday,250,820,500,1640,220,722,14.23,0,86,NA,
20002,Store A,249,2426,20316200,0,81591,8374,9/16/2011,9,2011,Friday,250,820,500,1640,220,722,14.47,0,87,NA,
20002,Store A,271,2496,26767100,0,98772,10724,9/17/2011,9,2011,Saturday,250,820,500,1640,220,722,14.47,1,86,NA,
20002,Store A,323,2699,24388300,0,75506,9036,9/18/2011,9,2011,Sunday,250,820,500,1640,220,722,14.45,1,78,Cloudy,
20002,Store A,341,3057,26588500,0,77972,8698,9/19/2011,9,2011,Monday,250,820,500,1640,220,722,14.44,1,66,Rainy,
20002,Store A,394,3324,32963300,0,83663,9917,9/20/2011,9,2011,Tuesday,250,820,500,1640,220,722,14.73,0,73,Sunny,
20002,Store A,304,2663,23702000,0,77967,8900,9/21/2011,9,2011,Wednesday,250,820,500,1640,220,722,14.92,0,75,Sunny,
20002,Store A,303,2271,20195900,0,66653,8893,9/22/2011,9,2011,Thursday,250,820,500,1640,220,722,15.02,0,75,Sunny,
20002,Store A,339,3216,30446500,0,89813,9467,9/23/2011,9,2011,Friday,250,820,500,1640,220,722,15.34,1,77,NA,
20002,Store A,314,3080,31013400,0,98769,10069,9/24/2011,9,2011,Saturday,250,820,500,1640,220,722,15.31,1,78,NA,
20002,Store A,322,2858,30987100,0,96233,10842,9/25/2011,9,2011,Sunday,250,820,500,1640,220,722,15.2,1,78,NA,
20002,Store A,290,2323,26454100,0,91221,11388,9/26/2011,9,2011,Monday,250,820,500,1640,220,722,15.2,0,80,NA,
20002,Store A,299,2593,22384300,0,74864,8633,9/27/2011,9,2011,Tuesday,250,820,500,1640,220,722,15.44,0,84,NA,
20002,Store A,319,3410,26972300,0,84553,7910,9/28/2011,9,2011,Wednesday,250,820,500,1640,220,722,15.33,0,75,NA,
20002,Store A,241,2284,21363400,0,88645,9354,9/29/2011,9,2011,Thursday,250,820,500,1640,220,722,15.24,0,66,Rainy,
20002,Store A,278,2050,22739400,0,81796,11092,9/30/2011,9,2011,Friday,250,820,500,1640,220,722,15.34,0,66,Sunny,
20002,Store A,260,2208,18810500,0,72348,8519,10/1/2011,10,2011,Saturday,250,820,500,1640,220,722,15.36,0,64,Sunny,
20002,Store A,251,1677,22069500,0,87926,13160,10/2/2011,10,2011,Sunday,250,820,500,1640,220,722,15.37,0,64,Sunny,
20002,Store A,204,2087,20389900,0,99950,9770,10/3/2011,10,2011,Monday,250,820,500,1640,220,722,15.4,0,68,Sunny,
20002,Store A,212,1850,17876600,0,84324,9663,10/4/2011,10,2011,Tuesday,250,820,500,1640,220,722,15.4,0,68,Sunny,
20002,Store A,241,2401,24493200,0,101632,10201,10/5/2011,10,2011,Wednesday,250,820,500,1640,220,722,15.54,0,71,Sunny,
20002,Store A,239,2219,21070600,0,88162,9496,10/6/2011,10,2011,Thursday,250,820,500,1640,220,722,15.3,0,69,NA,
20002,Store A,232,2111,21584400,0,93036,10225,10/7/2011,10,2011,Friday,250,820,500,1640,220,722,15.43,0,69,NA,
20002,Store A,257,3337,26117200,0,101623,7827,10/8/2011,10,2011,Saturday,250,820,500,1640,220,722,15.37,1,71,NA,
20002,Store A,319,3307,33720000,0,105705,10197,10/9/2011,10,2011,Sunday,250,820,500,1640,220,722,15.37,1,71,NA,
20002,Store A,268,2752,20051300,0,74818,7286,10/10/2011,10,2011,Monday,250,820,500,1640,220,722,15.3,1,69,NA,
20002,Store A,240,2040,20022300,0,83426,9815,10/11/2011,10,2011,Tuesday,250,820,500,1640,220,722,15.18,0,69,NA,
20002,Store A,264,2879,22092100,0,83682,7674,10/12/2011,10,2011,Wednesday,250,820,500,1640,220,722,15.26,0,64,NA,
20002,Store A,270,2988,22326700,0,82691,7472,10/13/2011,10,2011,Thursday,250,820,500,1640,220,722,15.18,0,73,NA,
20002,Store A,262,2027,21992000,0,83939,10850,10/14/2011,10,2011,Friday,250,820,500,1640,220,722,15.1,0,60,NA,
20002,Store A,258,2213,23537000,0,91229,10636,10/15/2011,10,2011,Saturday,250,820,500,1640,220,722,14.99,0,62,Rainy,
20002,Store A,303,3264,26935100,0,88895,8252,10/16/2011,10,2011,Sunday,250,820,500,1640,220,722,14.94,0,66,Rainy,
20002,Store A,279,2412,19602900,0,70261,8127,10/17/2011,10,2011,Monday,250,820,500,1640,220,722,14.94,0,57,Sunny,
20002,Store A,272,2145,22403000,0,82364,10444,10/18/2011,10,2011,Tuesday,250,820,500,1640,220,722,14.91,0,57,Sunny,
20002,Store A,255,2215,20214600,0,79273,9126,10/19/2011,10,2011,Wednesday,250,820,500,1640,220,722,14.93,0,68,Sunny,
20002,Store A,280,3061,22233800,0,79406,7264,10/20/2011,10,2011,Thursday,250,820,500,1640,220,722,14.81,0,69,Sunny,
20002,Store A,251,3011,23768800,0,94696,7894,10/21/2011,10,2011,Friday,250,820,500,1640,220,722,14.83,0,69,Cloudy,
20002,Store A,290,2564,24787800,0,85475,9668,10/22/2011,10,2011,Saturday,250,820,500,1640,220,722,14.93,0,71,Sunny,
20002,Store A,302,2584,26388200,0,87378,10212,10/23/2011,10,2011,Sunday,250,820,500,1640,220,722,15,0,71,NA,
20002,Store A,305,2991,26674100,0,87456,8918,10/24/2011,10,2011,Monday,250,820,500,1640,220,722,15.01,0,59,Rainy,
20002,Store A,250,2425,20676850,0,82707,8527,10/25/2011,10,2011,Tuesday,250,820,500,1640,220,722,14.94,0,53,Sunny,
20002,Store A,265,2119,16602100,0,62649,7835,10/26/2011,10,2011,Wednesday,250,820,500,1640,220,722,14.85,0,59,Sunny,
20002,Store A,261,2586,21782550,0,83458,8423,10/27/2011,10,2011,Thursday,250,820,500,1640,220,722,14.87,0,66,NA,
20002,Store A,259,1809,20207200,0,78020,11170,10/28/2011,10,2011,Friday,250,820,500,1640,220,722,14.67,0,66,NA,
20002,Store A,303,2617,21745500,0,71767,8309,10/29/2011,10,2011,Saturday,250,820,500,1640,220,722,14.56,0,59,NA,
20002,Store A,267,2546,25691850,0,96224,10091,10/30/2011,10,2011,Sunday,250,820,500,1640,220,722,14.54,0,68,NA,
20002,Store A,308,2536,24920800,0,80912,9827,10/31/2011,10,2011,Monday,250,820,500,1640,220,722,14.54,0,73,NA,
20002,Store A,239,2314,19038900,0,79661,8228,11/1/2011,11,2011,Tuesday,250,820,500,1640,220,722,14.24,0,71,NA,
20002,Store A,248,1773,17558800,0,70802,9903,11/2/2011,11,2011,Wednesday,250,820,500,1640,220,722,14.31,0,69,NA,
20002,Store A,310,2815,24197000,0,78055,8596,11/3/2011,11,2011,Thursday,250,820,500,1640,220,722,14.33,0,73,NA,
20002,Store A,307,2288,23822900,0,77599,10412,11/4/2011,11,2011,Friday,250,820,500,1640,220,722,14.42,0,73,NA,
20002,Store A,292,2380,23389900,0,80102,9828,11/5/2011,11,2011,Saturday,250,820,500,1640,220,722,14.4,0,77,Rainy,
20002,Store A,297,2306,21913300,0,73782,9503,11/6/2011,11,2011,Sunday,250,820,500,1640,220,722,14.14,0,66,Rainy,
20002,Store A,225,2027,20066250,0,89183,9899,11/7/2011,11,2011,Monday,250,820,500,1640,220,722,14.15,0,64,Cloudy,
20002,Store A,242,2355,22752700,0,94019,9661,11/8/2011,11,2011,Tuesday,250,820,500,1640,220,722,14.25,0,64,NA,
20002,Store A,268,2406,21058800,0,78578,8753,11/9/2011,11,2011,Wednesday,250,820,500,1640,220,722,14.32,0,64,Cloudy,
20002,Store A,259,2645,24349800,0,94015,9206,11/10/2011,11,2011,Thursday,250,820,500,1640,220,722,14.37,0,62,Rainy,
20002,Store A,268,2806,25723500,0,95983,9167,11/11/2011,11,2011,Friday,250,820,500,1640,220,722,14.52,0,57,Rainy,
20002,Store A,327,2909,28300900,0,86547,9729,11/12/2011,11,2011,Saturday,250,820,500,1640,220,722,14.56,0,60,Sunny,
20002,Store A,280,2776,27160900,0,97003,9784,11/13/2011,11,2011,Sunday,250,820,500,1640,220,722,14.61,0,60,NA,
20002,Store A,246,2858,26717500,0,108608,9348,11/14/2011,11,2011,Monday,250,820,500,1640,220,722,14.6,0,50,Sunny,
20002,Store A,215,2146,18666100,0,86819,8698,11/15/2011,11,2011,Tuesday,250,820,500,1640,220,722,14.59,0,51,Sunny,
20002,Store A,237,2174,20198500,0,85226,9291,11/16/2011,11,2011,Wednesday,250,820,500,1640,220,722,14.62,0,59,NA,
20002,Store A,238,2351,20840000,0,87563,8864,11/17/2011,11,2011,Thursday,250,820,500,1640,220,722,14.71,0,62,NA,
20002,Store A,281,3172,24330700,0,86586,7670,11/18/2011,11,2011,Friday,250,820,500,1640,220,722,14.73,0,62,Rainy,
20002,Store A,326,3124,28063100,0,86083,8983,11/19/2011,11,2011,Saturday,250,820,500,1640,220,722,14.79,0,60,Cloudy,
20002,Store A,354,3385,37116800,0,104850,10965,11/20/2011,11,2011,Sunday,250,820,500,1640,220,722,14.79,0,39,Sunny,
20002,Store A,298,2801,27601200,0,92621,9854,11/21/2011,11,2011,Monday,250,820,500,1640,220,722,14.79,0,42,Sunny,
20002,Store A,301,2588,22273700,0,73999,8607,11/22/2011,11,2011,Tuesday,250,820,500,1640,220,722,14.84,0,48,NA,
20002,Store A,252,2776,24143200,0,95806,8697,11/23/2011,11,2011,Wednesday,250,820,500,1640,220,722,14.87,0,46,Rainy,
20002,Store A,310,3358,32243600,0,104012,9602,11/24/2011,11,2011,Thursday,250,820,500,1640,220,722,14.94,0,35,Sunny,
20002,Store A,350,3009,25227300,0,72078,8384,11/25/2011,11,2011,Friday,250,820,500,1640,220,722,15,0,42,Snowy,
20002,Store A,361,2873,30316150,0,83978,10552,11/26/2011,11,2011,Saturday,250,820,500,1640,220,722,14.98,0,53,NA,
20002,Store A,312,2986,28688200,0,91949,9608,11/27/2011,11,2011,Sunday,250,820,500,1640,220,722,14.88,0,60,Cloudy,
20002,Store A,375,2938,31782000,0,84752,10818,11/28/2011,11,2011,Monday,250,820,500,1640,220,722,14.92,0,61,Rainy,
20002,Store A,309,3247,27168900,0,87925,8367,11/29/2011,11,2011,Tuesday,250,820,500,1640,220,722,14.82,0,56,Rainy,
20002,Store A,215,2135,17370400,0,80793,8136,11/30/2011,11,2011,Wednesday,250,820,500,1640,220,722,14.57,0,48,Rainy,
20002,Store A,249,2358,21100800,0,84742,8949,12/1/2011,12,2011,Thursday,250,820,500,1640,220,722,14.65,0,50,Rainy,
20002,Store A,241,3028,20166600,0,83679,6660,12/2/2011,12,2011,Friday,250,820,500,1640,220,722,14.56,0,46,Cloudy,
20002,Store A,302,2404,26236350,0,86875,10914,12/3/2011,12,2011,Saturday,250,820,500,1640,220,722,14.49,0,48,Rainy,
20002,Store A,322,3039,28508500,0,88536,9381,12/4/2011,12,2011,Sunday,250,820,500,1640,220,722,14.37,0,42,Sunny,
20002,Store A,242,2827,21302900,0,88029,7536,12/5/2011,12,2011,Monday,250,820,500,1640,220,722,14.35,0,41,Sunny,
20002,Store A,279,4664,22476550,0,80561,4819,12/6/2011,12,2011,Tuesday,250,820,500,1640,220,722,14.44,0,44,Cloudy,
20002,Store A,230,2356,21027700,0,91425,8925,12/7/2011,12,2011,Wednesday,250,820,500,1640,220,722,14.52,0,44,Cloudy,
20002,Store A,221,1858,20285500,0,91790,10918,12/8/2011,12,2011,Thursday,250,820,500,1640,220,722,14.5,0,41,Cloudy,
20002,Store A,296,3476,36245100,0,122450,10427,12/9/2011,12,2011,Friday,250,820,500,1640,220,722,14.56,0,35,Snowy,
20002,Store A,362,3184,37498950,0,103588,11777,12/10/2011,12,2011,Saturday,250,820,500,1640,220,722,14.68,0,35,Snowy,
20002,Store A,392,4155,40090300,0,102271,9649,12/11/2011,12,2011,Sunday,250,820,500,1640,220,722,14.75,0,44,Rainy,
20002,Store A,297,3176,30938250,0,104169,9741,12/12/2011,12,2011,Monday,250,820,500,1640,220,722,14.74,0,45,NA,
20002,Store A,256,1898,21725850,0,84867,11447,12/13/2011,12,2011,Tuesday,250,820,500,1640,220,722,14.74,0,43,Sunny,
20002,Store A,245,2212,22502100,0,91845,10173,12/14/2011,12,2011,Wednesday,250,820,500,1640,220,722,14.72,0,47,Rainy,
20002,Store A,250,1678,21598300,0,86393,12871,12/15/2011,12,2011,Thursday,250,820,500,1640,220,722,14.86,0,32,Sunny,
20002,Store A,288,2731,25818300,0,89647,9454,12/16/2011,12,2011,Friday,250,820,500,1640,220,722,14.84,0,25,Sunny,
20002,Store A,338,2960,32587650,0,96413,11009,12/17/2011,12,2011,Saturday,250,820,500,1640,220,722,14.85,0,32,Cloudy,
20002,Store A,290,2350,22545100,0,77742,9594,12/18/2011,12,2011,Sunday,250,820,500,1640,220,722,14.85,0,35,NA,
20002,Store A,223,2248,21557400,0,96670,9590,12/19/2011,12,2011,Monday,250,820,500,1640,220,722,14.85,0,37,Cloudy,
20002,Store A,242,1589,17571000,0,72607,11058,12/20/2011,12,2011,Tuesday,250,820,500,1640,220,722,14.99,0,40,Rainy,
20002,Store A,206,1866,17300500,0,83983,9271,12/21/2011,12,2011,Wednesday,250,820,500,1640,220,722,14.95,0,43,Snowy,
20002,Store A,272,1834,23025400,0,84652,12555,12/22/2011,12,2011,Thursday,250,820,500,1640,220,722,14.78,0,36,Sunny,
20002,Store A,272,2270,28391300,0,104380,12507,12/23/2011,12,2011,Friday,250,820,500,1640,220,722,14.75,1,33,Snowy,
20002,Store A,237,2249,24694300,0,104195,10980,12/24/2011,12,2011,Saturday,250,820,500,1640,220,722,14.72,1,27,Snowy,
20002,Store A,201,1437,15085400,0,75052,10498,12/25/2011,12,2011,Sunday,250,820,500,1640,220,722,14.69,1,25,Sunny,
20002,Store A,189,1917,22239400,0,117669,11601,12/26/2011,12,2011,Monday,250,820,500,1640,220,722,14.69,0,25,Sunny,
20002,Store A,262,1866,21175800,0,80824,11348,12/27/2011,12,2011,Tuesday,250,820,500,1640,220,722,14.7,0,32,Cloudy,
20002,Store A,280,2793,27703000,0,98939,9919,12/28/2011,12,2011,Wednesday,250,820,500,1640,220,722,14.79,0,37,NA,
20002,Store A,295,2536,32005550,0,108493,12620,12/29/2011,12,2011,Thursday,250,820,500,1640,220,722,14.85,0,33,NA,
20002,Store A,275,2541,25128200,0,91375,9889,12/30/2011,12,2011,Friday,250,820,500,1640,220,722,14.85,0,33,NA,
20002,Store A,300,2289,36917700,0,123059,16128,12/31/2011,12,2011,Saturday,250,820,500,1640,220,722,14.95,0,35,NA,
20002,Store A,258,1894,23019400,0,89222,12154,1/1/2012,1,2012,Monday,250,820,500,1640,220,722,15.07,0,32,Snowy,
20002,Store A,250,2092,26623950,0,106496,12727,1/2/2012,1,2012,Tuesday,250,820,500,1640,220,722,15.07,0,30,NA,
20002,Store A,252,2418,25993700,0,103150,10750,1/3/2012,1,2012,Wednesday,250,820,500,1640,220,722,15.02,0,33,Snowy,
20002,Store A,262,2199,23071950,0,88061,10492,1/4/2012,1,2012,Thursday,250,820,500,1640,220,722,14.95,0,26,NA,
20002,Store A,275,2414,22064850,0,80236,9140,1/5/2012,1,2012,Friday,250,820,500,1640,220,722,14.95,0,30,Sunny,
20002,Store A,230,1607,20017700,0,87033,12457,1/6/2012,1,2012,Saturday,250,820,500,1640,220,722,14.98,0,33,Snowy,
20002,Store A,256,1883,22345600,0,87288,11867,1/7/2012,1,2012,Sunday,250,820,500,1640,220,722,15.01,1,33,NA,
20002,Store A,295,2506,24438500,0,82842,9752,1/8/2012,1,2012,Monday,250,820,500,1640,220,722,15.06,1,33,NA,
20002,Store A,189,1557,13538300,0,71631,8695,1/9/2012,1,2012,Tuesday,250,820,500,1640,220,722,15.07,1,35,NA,
20002,Store A,198,2045,22096000,0,111596,10805,1/10/2012,1,2012,Wednesday,250,820,500,1640,220,722,15.09,0,35,NA,
20002,Store A,205,1515,21569400,0,105217,14237,1/11/2012,1,2012,Thursday,250,820,500,1640,220,722,15.03,0,28,Sunny,
20002,Store A,190,1537,20405500,0,107397,13276,1/12/2012,1,2012,Friday,250,820,500,1640,220,722,15.05,0,32,Snowy,
20002,Store A,210,2087,26788200,283500,127563,12836,1/13/2012,1,2012,Saturday,250,820,500,1640,220,722,15.02,0,37,NA,
20002,Store A,267,2152,27467300,30600,102874,12764,1/14/2012,1,2012,Sunday,250,820,500,1640,220,722,14.96,0,37,NA,
20002,Store A,253,2322,24262000,143400,95897,10449,1/15/2012,1,2012,Monday,250,820,500,1640,220,722,14.94,0,32,Sunny,
20002,Store A,229,2000,20101700,0,87780,10051,1/16/2012,1,2012,Tuesday,250,820,500,1640,220,722,14.94,0,44,NA,
20002,Store A,242,1943,21950600,0,90705,11297,1/17/2012,1,2012,Wednesday,250,820,500,1640,220,722,15,0,44,Sunny,
20002,Store A,196,1397,18709250,0,95455,13392,1/18/2012,1,2012,Thursday,250,820,500,1640,220,722,14.91,0,39,NA,
20002,Store A,156,1223,15615500,0,100099,12768,1/19/2012,1,2012,Friday,250,820,500,1640,220,722,14.84,0,44,Rainy,
20002,Store A,176,1240,17228600,0,97890,13894,1/20/2012,1,2012,Saturday,250,820,500,1640,220,722,14.76,0,46,Rainy,
20002,Store A,194,2477,18101700,0,93308,7308,1/21/2012,1,2012,Saturday,250,820,500,1640,220,722,14.68,0,42,NA,
20002,Store A,137,954,10015200,0,73104,10498,1/22/2012,1,2012,Sunday,250,820,500,1640,220,722,14.7,0,24,NA,
20002,Store A,116,817,11652400,0,100452,14262,1/23/2012,1,2012,Monday,250,820,500,1640,220,722,14.7,0,23,Sunny,
20002,Store A,128,1003,10113900,0,79015,10084,1/24/2012,1,2012,Tuesday,250,820,500,1640,220,722,14.7,0,28,Snowy,
20002,Store A,135,1018,10935100,0,81001,10742,1/25/2012,1,2012,Wednesday,250,820,500,1640,220,722,14.58,0,24,Sunny,
20002,Store A,186,1449,16334000,0,87817,11273,1/26/2012,1,2012,Thursday,250,820,500,1640,220,722,14.47,0,38,Snowy,
20002,Store A,243,2211,23716200,0,97598,10726,1/27/2012,1,2012,Friday,250,820,500,1640,220,722,14.43,0,41,NA,
20002,Store A,280,2620,27025550,0,96520,10315,1/28/2012,1,2012,Saturday,250,820,500,1640,220,722,14.56,0,37,Sunny,
20002,Store A,243,1410,18445100,0,75906,13082,1/29/2012,1,2012,Sunday,250,820,500,1640,220,722,14.57,0,37,Sunny,
20002,Store A,284,1943,20180050,0,71057,10386,1/30/2012,1,2012,Monday,250,820,500,1640,220,722,14.58,0,29,Sunny,
20002,Store A,198,1205,14719700,0,74342,12216,1/31/2012,1,2012,Tuesday,250,820,500,1640,220,722,14.68,0,29,Snowy,
20002,Store A,242,2752,21726050,0,89777,7895,2/1/2012,2,2012,Wednesday,250,820,500,1640,220,722,14.71,0,20,Sunny,3168
20002,Store A,246,2202,21019300,0,85444,9546,2/2/2012,2,2012,Thursday,250,820,500,1640,220,722,14.75,0,16,Sunny,2743
20002,Store A,268,2151,22036800,0,82227,10245,2/3/2012,2,2012,Friday,250,820,500,1640,220,722,14.71,0,30,Snowy,2841
20002,Store A,302,2374,20776900,52500,68798,8752,2/4/2012,2,2012,Saturday,250,820,500,1640,220,722,14.63,0,35,NA,4267
20002,Store A,331,2485,22610900,0,68311,9099,2/5/2012,2,2012,Sunday,250,820,500,1640,220,722,14.51,0,40,Sunny,4626
20002,Store A,347,2542,25588200,0,73741,10066,2/6/2012,2,2012,Monday,250,820,500,1640,220,722,14.55,0,42,NA,4069
20002,Store A,296,2071,20058500,0,67765,9685,2/7/2012,2,2012,Tuesday,250,820,500,1640,220,722,14.6,0,32,Sunny,
20002,Store A,276,1744,16158100,0,58544,9265,2/8/2012,2,2012,Wednesday,250,820,500,1640,220,722,14.57,0,25,Snowy,
20002,Store A,270,2270,18520200,0,68593,8159,2/9/2012,2,2012,Thursday,250,820,500,1640,220,722,14.48,0,34,Snowy,
20002,Store A,235,1864,17523500,0,74568,9401,2/10/2012,2,2012,Friday,250,820,500,1640,220,722,14.44,0,36,Sunny,
20002,Store A,303,2289,31105800,0,102659,13589,2/11/2012,2,2012,Saturday,250,820,500,1640,220,722,14.44,0,34,Sunny,
20002,Store A,282,2474,22599300,0,80139,9135,2/12/2012,2,2012,Sunday,250,820,500,1640,220,722,14.46,0,40,Sunny,
20002,Store A,291,2293,23127950,0,79477,10086,2/13/2012,2,2012,Monday,250,820,500,1640,220,722,14.45,0,46,NA,
20002,Store A,282,1732,14138800,0,50138,8163,2/14/2012,2,2012,Tuesday,250,820,500,1640,220,722,14.42,0,45,NA,3819
20002,Store A,313,2359,23336150,0,74556,9892,2/15/2012,2,2012,Wednesday,250,820,500,1640,220,722,14.41,0,36,NA,4064
20002,Store A,341,2716,22325750,0,65471,8220,2/16/2012,2,2012,Thursday,250,820,500,1640,220,722,14.31,0,36,Sunny,3569
20002,Store A,371,2816,23550000,85100,63477,8363,2/17/2012,2,2012,Friday,250,820,500,1640,220,722,14.35,0,28,Sunny,4248
20002,Store A,319,2470,22717900,93700,71216,9198,2/18/2012,2,2012,Saturday,250,820,500,1640,220,722,14.2,0,27,Sunny,5102
20002,Store A,377,3082,28816400,12600,76436,9350,2/19/2012,2,2012,Sunday,250,820,500,1640,220,722,14.14,0,34,Sunny,4951
20002,Store A,356,2498,22772500,0,63968,9116,2/20/2012,2,2012,Monday,250,820,500,1640,220,722,14.13,0,41,Sunny,4836
20002,Store A,300,2166,16774000,0,55913,7744,2/21/2012,2,2012,Tuesday,250,820,500,1640,220,722,14.09,0,42,NA,4671
20002,Store A,386,2583,25328550,0,65618,9806,2/22/2012,2,2012,Wednesday,250,820,500,1640,220,722,14.09,0,54,NA,4664
20002,Store A,329,2870,24590100,0,74742,8568,2/23/2012,2,2012,Thursday,250,820,500,1640,220,722,14.06,0,46,NA,3936
20002,Store A,317,2622,24038250,0,75830,9168,2/24/2012,2,2012,Friday,250,820,500,1640,220,722,14.06,0,50,NA,3606
20002,Store A,313,2501,27462201,0,87739,10980,2/25/2012,2,2012,Saturday,250,820,500,1640,220,722,13.98,0,41,Cloudy,4788
20002,Store A,301,2744,25335300,0,84170,9233,2/26/2012,2,2012,Sunday,250,820,500,1640,220,722,13.83,0,37,Sunny,4457
20002,Store A,303,2611,20267600,0,66890,7762,2/27/2012,2,2012,Monday,250,820,500,1640,220,722,13.83,0,41,Sunny,3879
20002,Store A,241,2061,15505300,0,64337,7523,2/28/2012,2,2012,Tuesday,250,820,500,1640,220,722,13.93,0,44,Sunny,3430
20002,Store A,308,2065,21245250,0,68978,10288,2/29/2012,2,2012,Wednesday,250,820,500,1640,220,722,13.98,0,50,Sunny,3361
20002,Store A,278,1829,16770380,52620,60325,9169,3/1/2012,3,2012,Thursday,250,820,500,1640,220,722,13.89,0,57,Cloudy,3009
20002,Store A,251,2069,21385300,8400,85200,10336,3/2/2012,3,2012,Friday,250,820,500,1640,220,722,13.77,0,50,NA,4040
20002,Store A,274,2261,26126430,160770,95352,11555,3/3/2012,3,2012,Saturday,250,820,500,1640,220,722,13.68,0,53,Sunny,4889
20002,Store A,285,2355,20380150,6750,71509,8654,3/4/2012,3,2012,Sunday,250,820,500,1640,220,722,13.61,0,50,Rainy,4024
20002,Store A,306,2120,24438250,223900,79864,11527,3/5/2012,3,2012,Monday,250,820,500,1640,220,722,13.46,0,48,Rainy,4107
20002,Store A,291,1797,16175250,44800,55585,9001,3/6/2012,3,2012,Tuesday,250,820,500,1640,220,722,13.6,0,41,Rainy,4140
20002,Store A,251,1961,18186600,2700,72457,9274,3/7/2012,3,2012,Wednesday,250,820,500,1640,220,722,13.82,0,42,Sunny,4188
20002,Store A,245,2536,21257380,863220,86765,8382,3/8/2012,3,2012,Thursday,250,820,500,1640,220,722,13.89,0,42,NA,3277
20002,Store A,381,3329,23149860,6097640,60761,6954,3/9/2012,3,2012,Friday,250,820,500,1640,220,722,13.72,0,46,NA,3962
20002,Store A,417,3776,27517481,6908570,65989,7287,3/10/2012,3,2012,Saturday,250,820,500,1640,220,722,13.62,0,46,Sunny,5026
20002,Store A,430,4507,34562260,9632940,80377,7669,3/11/2012,3,2012,Sunday,250,820,500,1640,220,722,13.52,0,35,Snowy,5226
20002,Store A,276,2253,24046300,0,87124,10673,3/12/2012,3,2012,Monday,250,820,500,1640,220,722,13.52,0,37,Sunny,5063
20002,Store A,273,1748,15096200,0,55297,8636,3/13/2012,3,2012,Tuesday,250,820,500,1640,220,722,13.62,0,44,NA,4473
20002,Store A,289,2340,23777300,0,82274,10161,3/14/2012,3,2012,Wednesday,250,820,500,1640,220,722,13.6,0,42,NA,4195
20002,Store A,283,2238,23513500,0,83087,10506,3/15/2012,3,2012,Thursday,250,820,500,1640,220,722,13.51,0,53,Sunny,3707
20002,Store A,254,2046,21516250,0,84710,10516,3/16/2012,3,2012,Friday,250,820,500,1640,220,722,13.46,0,55,Rainy,3737
20488,Store A,212,1897,16368100,3180,77208,8628,6/19/2012,6,2012,Tuesday,250,820,500,1640,220,722,14.49,0,91,Sunny,3263
20488,Store A,190,1301,16116100,107100,84822,12387,6/20/2012,6,2012,Wednesday,250,820,500,1640,220,722,14.62,0,87,rainy,3080
20488,Store A,239,2063,17300500,34000,72387,8386,6/21/2012,6,2012,Thursday,250,820,500,1640,220,722,14.55,0,87,Sunny,3778
20488,Store A,291,2530,25429600,54100,87387,10051,6/22/2012,6,2012,Friday,250,820,500,1640,220,722,14.42,0,82,Sunny,4749
20488,Store A,336,2637,26383400,79700,78522,10005,6/23/2012,6,2012,Saturday,250,820,500,1640,220,722,14.39,0,86,rainy,4329
20488,Store A,358,3039,32150900,61000,89807,10579,6/24/2012,6,2012,Sunday,250,820,500,1640,220,722,14.17,0,91,Sunny,4265
20488,Store A,208,1342,17191400,21900,82651,12810,6/25/2012,6,2012,Monday,250,820,500,1640,220,722,14.38,0,89,Sunny,2809
20488,Store A,240,1908,19873600,183500,82807,10416,6/26/2012,6,2012,Tuesday,250,820,500,1640,220,722,14.51,0,87,Sunny,3714
20488,Store A,227,1487,19250500,94500,84804,12946,6/27/2012,6,2012,Wednesday,250,820,500,1640,220,722,14.56,0,86,Sunny,3400
20488,Store A,260,1653,20243000,102900,77858,12246,6/28/2012,6,2012,Thursday,250,820,500,1640,220,722,14.52,0,84,Sunny,3244
20488,Store A,258,2325,24782100,36900,96055,10659,6/29/2012,6,2012,Friday,250,820,500,1640,220,722,14.53,0,87,rainy,3721
20488,Store A,334,2454,30796400,56700,92205,12549,6/30/2012,6,2012,Saturday,250,820,500,1640,220,722,14.54,0,75,rainy,4313
20488,Store A,359,2800,33946200,48400,94558,12124,7/1/2012,7,2012,Sunday,250,820,500,1640,220,722,14.15,0,77,cloudy,4848
20488,Store A,235,2059,23179300,52400,98635,11258,7/2/2012,7,2012,Monday,250,820,500,1640,220,722,13.95,0,84,cloudy,3055
20488,Store A,199,1272,16402600,29300,82425,12895,7/3/2012,7,2012,Tuesday,250,820,500,1640,220,722,14.21,0,78,rainy,3535
20488,Store A,185,1254,19309600,49500,104376,15398,7/4/2012,7,2012,Wednesday,250,820,500,1640,220,722,14.25,0,78,cloudy,3549
20488,Store A,182,1510,19162200,54400,105287,12690,7/5/2012,7,2012,Thursday,250,820,500,1640,220,722,14.22,0,77,rainy,3665
20488,Store A,293,3679,23360600,5839400,79729,6350,7/6/2012,7,2012,Friday,250,820,500,1640,220,722,14.2,0,73,rainy,4466
20488,Store A,363,3894,31581910,5773290,87003,8110,7/7/2012,7,2012,Saturday,250,820,500,1640,220,722,14.25,0,86,Sunny,5122
20488,Store A,399,4300,29594900,7430600,74173,6883,7/8/2012,7,2012,Sunday,250,820,500,1640,220,722,14.23,0,86,Sunny,5051
20488,Store A,232,1639,26001100,22300,112074,15864,7/9/2012,7,2012,Monday,250,820,500,1640,220,722,14.11,0,87,cloudy,3463
20488,Store A,243,1806,18327900,93700,75423,10148,7/10/2012,7,2012,Tuesday,250,820,500,1640,220,722,14.24,0,84,rainy,3337
20488,Store A,248,1898,22389200,51600,90279,11796,7/11/2012,7,2012,Wednesday,250,820,500,1640,220,722,14.36,0,78,rainy,3700
20488,Store A,239,1651,17148200,2050,71750,10387,7/12/2012,7,2012,Thursday,250,820,500,1640,220,722,14.36,0,82,rainy,3084
20488,Store A,247,1959,24195850,70300,97959,12351,7/13/2012,7,2012,Friday,250,820,500,1640,220,722,14.47,0,84,rainy,3159
20488,Store A,285,2760,32273300,115300,113240,11693,7/14/2012,7,2012,Saturday,250,820,500,1640,220,722,14.5,1,78,rainy,4462
20488,Store A,299,2793,37237100,51400,124539,13332,7/15/2012,7,2012,Sunday,250,820,500,1640,220,722,14.3,1,69,rainy,2858
20488,Store A,200,1594,25748100,25000,128741,16153,7/16/2012,7,2012,Monday,250,820,500,1640,220,722,14.13,1,77,rainy,2008
20488,Store A,155,1364,15298800,106000,98702,11216,7/17/2012,7,2012,Tuesday,250,820,500,1640,220,722,14.38,0,86,rainy,1853
20488,Store A,131,855,13122600,29500,100173,15348,7/18/2012,7,2012,Wednesday,250,820,500,1640,220,722,14.47,0,84,rainy,1731
20488,Store A,115,851,13151100,15500,114357,15454,7/19/2012,7,2012,Thursday,250,820,500,1640,220,722,14.45,0,80,rainy,2041
20488,Store A,177,1586,19160600,52800,108252,12081,7/20/2012,7,2012,Friday,250,820,500,1640,220,722,14.47,0,84,Sunny,2676
20488,Store A,200,1903,25000300,42300,125002,13137,7/21/2012,7,2012,Saturday,250,820,500,1640,220,722,14.51,0,87,Sunny,3667
20488,Store A,241,1918,27728900,141600,115058,14457,7/22/2012,7,2012,Sunday,250,820,500,1640,220,722,14.5,0,87,rainy,3563
20488,Store A,221,1643,23132200,-51700,104671,14079,7/23/2012,7,2012,Monday,250,820,500,1640,220,722,14.54,0,87,Cloudy,2454
20488,Store A,175,1550,16405500,6800,93746,10584,7/24/2012,7,2012,Tuesday,250,820,500,1640,220,722,14.65,0,87,Cloudy,2571
20488,Store A,156,1158,14362800,5900,92069,12403,7/25/2012,7,2012,Wednesday,250,820,500,1640,220,722,14.66,0,87,Sunny,3201
20488,Store A,170,1236,13024300,64100,76614,10537,7/26/2012,7,2012,Thursday,250,820,500,1640,220,722,14.69,0,87,Cloudy,3016
20488,Store A,181,1333,18463900,22700,102010,13851,7/27/2012,7,2012,Friday,250,820,500,1640,220,722,14.66,0,89,Sunny,2869
20488,Store A,216,1921,24523600,72100,113535,12766,7/28/2012,7,2012,Saturday,250,820,500,1640,220,722,14.54,0,89,Sunny,3176
20488,Store A,219,1645,28626400,12800,130714,17402,7/29/2012,7,2012,Sunday,250,820,500,1640,220,722,14.5,0,91,Sunny,3500
20488,Store A,193,2112,18450550,74400,95599,8736,7/30/2012,7,2012,Monday,250,820,500,1640,220,722,14.33,0,87,Rainy,2198
20488,Store A,183,1381,18414500,37000,100626,13334,7/31/2012,7,2012,Tuesday,250,820,500,1640,220,722,14.41,0,89,Sunny,2627
20488,Store A,190,1675,18115300,34700,95344,10815,8/1/2012,8,2012,Wednesday,250,820,500,1640,220,722,14.46,0,95,Cloudy,2957
20488,Store A,199,1586,16578300,58500,83308,10453,8/2/2012,8,2012,Thursday,250,820,500,1640,220,722,14.41,0,96,Sunny,2781
20488,Store A,211,1561,21738700,62300,103027,13926,8/3/2012,8,2012,Friday,250,820,500,1640,220,722,14.42,0,96,Sunny,2028
20488,Store A,185,1545,20019000,56200,108211,12957,8/4/2012,8,2012,Saturday,250,820,500,1640,220,722,14.46,0,96,Sunny,2168
20488,Store A,170,1509,23137900,70900,136105,15333,8/5/2012,8,2012,Sunday,250,820,500,1640,220,722,14.33,0,96,Sunny,2730
20488,Store A,180,1285,16508700,56500,91715,12847,8/6/2012,8,2012,Monday,250,820,500,1640,220,722,14.03,0,95,Sunny,2515
20488,Store A,184,1277,16590400,7000,90165,12992,8/7/2012,8,2012,Tuesday,250,820,500,1640,220,722,14.25,0,95,Rainy,3106
20488,Store A,188,1797,20796900,6300,110622,11573,8/8/2012,8,2012,Wednesday,250,820,500,1640,220,722,14.36,0,93,Sunny,2987
20488,Store A,212,1897,18481100,6900,87175,9742,8/9/2012,8,2012,Thursday,250,820,500,1640,220,722,14.37,0,95,Sunny,2966
20488,Store A,220,1732,23119300,19600,105088,13348,8/10/2012,8,2012,Friday,250,820,500,1640,220,722,14.34,0,84,Rainy,2275
20488,Store A,249,1843,24873100,33500,99892,13496,8/11/2012,8,2012,Saturday,250,820,500,1640,220,722,14.41,0,87,Cloudy,3664
20488,Store A,243,2261,31613500,4200,130097,13982,8/12/2012,8,2012,Sunday,250,820,500,1640,220,722,14.43,0,82,Rainy,4893
20488,Store A,290,1867,31011200,13800,106935,16610,8/13/2012,8,2012,Monday,250,820,500,1640,220,722,14.44,0,91,Rainy,3643
20488,Store A,249,2132,25327800,43600,101718,11880,8/14/2012,8,2012,Tuesday,250,820,500,1640,220,722,14.41,0,87,Rainy,3521
20488,Store A,257,2258,26228800,32600,102058,11616,8/15/2012,8,2012,Wednesday,250,820,500,1640,220,722,14.38,0,80,Rainy,4631
20488,Store A,281,2143,29846500,157000,106215,13927,8/16/2012,8,2012,Thursday,250,820,500,1640,220,722,14.36,0,84,Sunny,4406
20488,Store A,391,3537,34643710,5402390,88603,9795,8/17/2012,8,2012,Friday,250,820,500,1640,220,722,14.3,0,89,Cloudy,3618
20488,Store A,331,3094,26467720,4709580,79963,8555,8/18/2012,8,2012,Saturday,250,820,500,1640,220,722,14.28,0,84,Rainy,3769
20488,Store A,428,4427,33810780,6762520,78997,7637,8/19/2012,8,2012,Sunday,250,820,500,1640,220,722,14.26,0,87,Rainy,4768
20488,Store A,223,1623,20975200,4500,94059,12924,8/20/2012,8,2012,Monday,250,820,500,1640,220,722,14.26,0,80,Rainy,4178
20488,Store A,260,1819,23257400,0,89452,12786,8/21/2012,8,2012,Tuesday,250,820,500,1640,220,722,14.27,0,84,Rainy,3626
20488,Store A,262,2654,27100600,20700,103437,10211,8/22/2012,8,2012,Wednesday,250,820,500,1640,220,722,14.23,0,75,Rainy,3295
20488,Store A,244,2040,25532300,8100,104641,12516,8/23/2012,8,2012,Thursday,250,820,500,1640,220,722,14.24,0,78,Cloudy,3133
20488,Store A,220,1295,17024000,4500,77382,13146,8/24/2012,8,2012,Friday,250,820,500,1640,220,722,14.39,0,80,Rainy,2765
20488,Store A,252,2076,29329900,3600,116388,14128,8/25/2012,8,2012,Saturday,250,820,500,1640,220,722,14.42,0,84,Rainy,3594
20488,Store A,288,2435,27935400,-70700,96998,11472,8/26/2012,8,2012,Sunday,250,820,500,1640,220,722,14.3,0,89,Cloudy,6488
20488,Store A,280,2416,30946700,6300,110524,12809,8/27/2012,8,2012,Monday,250,820,500,1640,220,722,14.12,0,91,Cloudy,5387
20488,Store A,235,1744,20500500,3600,87236,11755,8/28/2012,8,2012,Tuesday,250,820,500,1640,220,722,14.3,0,84,Rainy,4533
20488,Store A,308,2965,31877600,25900,103499,10751,8/29/2012,8,2012,Wednesday,250,820,500,1640,220,722,14.44,0,84,Rainy,4436
20488,Store A,206,1566,21011100,-10070,101996,13417,8/30/2012,8,2012,Thursday,250,820,500,1640,220,722,14.42,0,75,Rainy,3997
20488,Store A,265,1876,26343200,0,99408,14042,8/31/2012,8,2012,Friday,250,820,500,1640,220,722,14.41,0,82,Sunny,2718
20488,Store A,269,2305,29344000,6900,109086,12731,9/1/2012,9,2012,Saturday,250,820,500,1640,220,722,14.44,0,82,Sunny,3543
20488,Store A,273,1928,22625900,11700,82879,11735,9/2/2012,9,2012,Sunday,250,820,500,1640,220,722,14.4,0,84,Sunny,5250
20488,Store A,305,2227,25932600,0,85025,11645,9/3/2012,9,2012,Monday,250,820,500,1640,220,722,14.44,0,82,Sunny,4036
20488,Store A,186,1631,17074900,0,91801,10469,9/4/2012,9,2012,Tuesday,250,820,500,1640,220,722,14.45,0,73,Rainy,3686
20488,Store A,268,1992,25243800,-26100,94193,12673,9/5/2012,9,2012,Wednesday,250,820,500,1640,220,722,14.44,0,77,Rainy,6226
20488,Store A,261,1878,21128500,0,80952,11251,9/6/2012,9,2012,Thursday,250,820,500,1640,220,722,14.47,0,78,Sunny,3448
20488,Store A,301,2849,24160020,5795280,80266,8480,9/7/2012,9,2012,Friday,250,820,500,1640,220,722,14.42,0,80,Cloudy,4374
20488,Store A,306,2735,26508550,6419500,86629,9692,9/8/2012,9,2012,Saturday,250,820,500,1640,220,722,14.35,0,73,Rainy,4886
20488,Store A,299,2977,29085010,6450690,97274,9770,9/9/2012,9,2012,Sunday,250,820,500,1640,220,722,14.28,0,77,Cloudy,4923
20488,Store A,270,2093,22198000,-100,82215,10606,9/10/2012,9,2012,Monday,250,820,500,1640,220,722,14,0,80,Sunny,3936
20488,Store A,259,2354,23645350,41000,91295,10045,9/11/2012,9,2012,Tuesday,250,820,500,1640,220,722,14.26,0,82,Sunny,3984
20488,Store A,282,2397,22570500,0,80037,9416,9/12/2012,9,2012,Wednesday,250,820,500,1640,220,722,14.45,0,77,Cloudy,3601
20488,Store A,241,2119,20598000,0,85469,9721,9/13/2012,9,2012,Thursday,250,820,500,1640,220,722,14.46,0,69,Rainy,2668
20488,Store A,211,1796,22567700,12600,106956,12566,9/14/2012,9,2012,Friday,250,820,500,1640,220,722,14.51,0,69,Rainy,3175
20488,Store A,247,2555,30238700,-13430,122424,11835,9/15/2012,9,2012,Saturday,250,820,500,1640,220,722,14.36,1,77,Cloudy,4434
20488,Store A,282,2244,32606700,4500,115627,14531,9/16/2012,9,2012,Sunday,250,820,500,1640,220,722,14.14,1,71,Rainy,3207
20488,Store A,140,1303,14614600,0,104390,11216,9/17/2012,9,2012,Monday,250,820,500,1640,220,722,14.23,1,64,Rainy,3962
20488,Store A,245,2164,21407700,0,87378,9893,9/18/2012,9,2012,Tuesday,250,820,500,1640,220,722,14.21,0,75,Cloudy,3649
20488,Store A,238,1416,18255800,10900,76705,12893,9/19/2012,9,2012,Wednesday,250,820,500,1640,220,722,14.2,0,77,Sunny,2655
20488,Store A,215,1605,17592900,0,81827,10961,9/20/2012,9,2012,Thursday,250,820,500,1640,220,722,14.17,0,75,Rainy,2829
20488,Store A,178,1429,16607800,0,93302,11622,9/21/2012,9,2012,Friday,250,820,500,1640,220,722,14.3,0,75,Cloudy,2851
20488,Store A,216,1628,22280700,0,103151,13686,9/22/2012,9,2012,Saturday,250,820,500,1640,220,722,14.3,1,78,Sunny,3169
20488,Store A,202,1585,22863600,7800,113186,14425,9/23/2012,9,2012,Sunday,250,820,500,1640,220,722,14.19,1,78,Cloudy,3195
20488,Store A,189,1559,17235900,15400,91195,11056,9/24/2012,9,2012,Monday,250,820,500,1640,220,722,14.3,1,80,Sunny,4327
20488,Store A,197,1991,21928800,0,111314,11014,9/25/2012,9,2012,Tuesday,250,820,500,1640,220,722,14.35,0,80,Sunny,3676
20488,Store A,176,1349,19004500,-18910,107980,14088,9/26/2012,9,2012,Wednesday,250,820,500,1640,220,722,14.36,0,77,Sunny,2535
20488,Store A,179,1270,17121400,0,95650,13481,9/27/2012,9,2012,Thursday,250,820,500,1640,220,722,14.39,0,73,Cloudy,1633
20488,Store A,121,963,10160000,14400,83967,10550,9/28/2012,9,2012,Friday,250,820,500,1640,220,722,14.37,0,71,Rainy,1732
20488,Store A,132,941,11824500,41400,89580,12566,9/29/2012,9,2012,Saturday,250,820,500,1640,220,722,14.32,0,66,Rainy,1886
20488,Store A,148,1494,14911800,10500,100755,9981,9/30/2012,9,2012,Sunday,250,820,500,1640,220,722,14.19,0,68,Sunny,1656
20488,Store A,119,900,11292400,0,94894,12547,10/1/2012,10,2012,Monday,250,820,500,1640,220,722,14.06,0,73,Sunny,1219
20488,Store A,142,827,12294000,13500,86577,14866,10/2/2012,10,2012,Tuesday,250,820,500,1640,220,722,14.19,0,75,Sunny,
20488,Store A,116,668,10042600,9000,86574,15034,10/3/2012,10,2012,Wednesday,250,820,500,1640,220,722,14.24,0,77,Sunny,
20488,Store A,103,1177,10937200,0,106186,9292,10/4/2012,10,2012,Thursday,250,820,500,1640,220,722,14.2,0,75,Cloudy,
20488,Store A,186,2258,15167380,4761330,81545,6717,10/5/2012,10,2012,Friday,250,820,500,1640,220,722,14.16,0,71,Sunny,
20488,Store A,248,2299,21546290,5816010,86880,9372,10/6/2012,10,2012,Saturday,250,820,500,1640,220,722,14.12,1,75,Sunny,
20488,Store A,262,2534,27556950,6171550,105179,10875,10/7/2012,10,2012,Sunday,250,820,500,1640,220,722,14.09,1,75,Sunny,
20488,Store A,167,1497,17303900,6300,103616,11559,10/8/2012,10,2012,Monday,250,820,500,1640,220,722,13.89,1,73,Sunny,2539
20488,Store A,133,969,11780300,6900,88574,12157,10/9/2012,10,2012,Tuesday,250,820,500,1640,220,722,14.03,0,71,Cloudy,2897
20488,Store A,125,1052,9649900,4500,77199,9173,10/10/2012,10,2012,Wednesday,250,820,500,1640,220,722,14.18,0,69,Rainy,2482
20488,Store A,150,1539,10912400,0,72749,7091,10/11/2012,10,2012,Thursday,250,820,500,1640,220,722,14.22,0,66,Sunny,2101
20488,Store A,159,1378,17016800,18000,107024,12349,10/12/2012,10,2012,Friday,250,820,500,1640,220,722,14.22,0,69,Sunny,3964
20488,Store A,202,1460,20471100,0,101342,14021,10/13/2012,10,2012,Saturday,250,820,500,1640,220,722,14.16,0,73,Sunny,3274
20488,Store A,214,1947,19576100,0,91477,10054,10/14/2012,10,2012,Sunday,250,820,500,1640,220,722,14.04,0,69,Cloudy,3728
20488,Store A,173,1158,15305600,0,88472,13217,10/15/2012,10,2012,Monday,250,820,500,1640,220,722,14.14,0,68,Sunny,2711
20488,Store A,161,1323,15944200,22500,99032,12052,10/16/2012,10,2012,Tuesday,250,820,500,1640,220,722,14.13,0,75,Cloudy,3038
20488,Store A,157,1116,12460800,0,79368,11166,10/17/2012,10,2012,Wednesday,250,820,500,1640,220,722,14.03,0,62,Rainy,2596
20488,Store A,182,1358,13842400,13500,76057,10193,10/18/2012,10,2012,Thursday,250,820,500,1640,220,722,14.01,0,60,Sunny,2431
20488,Store A,166,1358,15566300,56100,93773,11463,10/19/2012,10,2012,Friday,250,820,500,1640,220,722,13.94,0,66,Sunny,2961
20488,Store A,192,1684,21108300,0,109939,12535,10/20/2012,10,2012,Saturday,250,820,500,1640,220,722,13.92,0,68,Cloudy,3561
20488,Store A,218,1917,15285800,123900,70118,7974,10/21/2012,10,2012,Sunday,250,820,500,1640,220,722,13.78,0,73,Cloudy,3561
20488,Store A,163,1477,14457800,5900,88698,9789,10/22/2012,10,2012,Monday,250,820,500,1640,220,722,13.82,0,64,Rainy,2842
20488,Store A,158,1362,14071500,60900,89060,10331,10/23/2012,10,2012,Tuesday,250,820,500,1640,220,722,13.85,0,57,Sunny,2957
20488,Store A,158,1571,13872100,33000,87798,8830,10/24/2012,10,2012,Wednesday,250,820,500,1640,220,722,13.8,0,64,Sunny,2297
20488,Store A,153,1337,12427300,9000,81224,9295,10/25/2012,10,2012,Thursday,250,820,500,1640,220,722,13.81,0,68,Sunny,2635
20488,Store A,167,1236,15504900,15800,92844,12544,10/26/2012,10,2012,Friday,250,820,500,1640,220,722,13.72,0,69,Cloudy,3027
20488,Store A,157,1368,14681300,269400,93511,10732,10/27/2012,10,2012,Saturday,250,820,500,1640,220,722,13.7,0,62,Rainy,3043
20488,Store A,163,1644,18564100,51100,113890,11292,10/28/2012,10,2012,Sunday,250,820,500,1640,220,722,13.62,0,64,Sunny,2798
20488,Store A,134,1334,13291800,4500,99193,9964,10/29/2012,10,2012,Monday,250,820,500,1640,220,722,13.41,0,59,Cloudy,2349
20488,Store A,127,1066,11591700,21600,91273,10874,10/30/2012,10,2012,Tuesday,250,820,500,1640,220,722,13.61,0,51,Sunny,2137
20488,Store A,132,1174,14128300,177000,107033,12034,10/31/2012,10,2012,Wednesday,250,820,500,1640,220,722,13.71,0,51,Rainy,1628
20488,Store A,174,1493,13044900,0,74971,8737,11/1/2012,11,2012,Thursday,250,820,500,1640,220,722,13.66,0,50,Sunny,1857
20488,Store A,222,2253,21719040,4999560,97834,9640,11/2/2012,11,2012,Friday,250,820,500,1640,220,722,13.62,0,51,Sunny,1870
20488,Store A,243,2658,21359510,5894990,87899,8036,11/3/2012,11,2012,Saturday,250,820,500,1640,220,722,13.57,0,57,Sunny,2178
20488,Store A,145,946,11548350,2783650,79644,12208,11/4/2012,11,2012,Sunday,250,820,500,1640,220,722,13.46,0,59,Rainy,2112
20488,Store A,143,2280,12258570,4064330,85724,5377,11/5/2012,11,2012,Monday,250,820,500,1640,220,722,13.38,0,51,Rainy,2302
20488,Store A,141,968,11247500,7200,79770,11619,11/6/2012,11,2012,Tuesday,250,820,500,1640,220,722,13.58,0,48,Rainy,2017
20488,Store A,138,1107,10858800,12000,78687,9809,11/7/2012,11,2012,Wednesday,250,820,500,1640,220,722,13.58,0,53,Sunny,1926
20488,Store A,170,995,13737850,8250,80811,13807,11/8/2012,11,2012,Thursday,250,820,500,1640,220,722,13.55,0,57,Cloudy,2052
20488,Store A,141,1084,16229700,12600,115104,14972,11/9/2012,11,2012,Friday,250,820,500,1640,220,722,13.63,0,55,Cloudy,2639
20488,Store A,192,1659,21692500,4500,112982,13076,11/10/2012,11,2012,Saturday,250,820,500,1640,220,722,13.69,0,59,Cloudy,2730
20488,Store A,179,1480,18002000,0,100570,12164,11/11/2012,11,2012,Sunday,250,820,500,1640,220,722,13.53,0,55,Rainy,2435
20488,Store A,117,954,13617300,3300,116387,14274,11/12/2012,11,2012,Monday,250,820,500,1640,220,722,13.31,0,48,Rainy,2317
20488,Store A,123,1056,10736400,4500,87288,10167,11/13/2012,11,2012,Tuesday,250,820,500,1640,220,722,13.54,0,48,Snowy,2356
20488,Store A,123,921,10718400,0,87141,11638,11/14/2012,11,2012,Wednesday,250,820,500,1640,220,722,13.71,0,42,Snowy,1760
20488,Store A,137,1298,13798600,0,100720,10631,11/15/2012,11,2012,Thursday,250,820,500,1640,220,722,13.59,0,48,Sunny,2172
20488,Store A,175,1687,19614300,0,112082,11627,11/16/2012,11,2012,Friday,250,820,500,1640,220,722,13.44,0,48,Rainy,4056
20488,Store A,226,2084,27683100,3600,122492,13284,11/17/2012,11,2012,Saturday,250,820,500,1640,220,722,13.43,0,46,Rainy,3262
20488,Store A,256,2011,20305300,9000,79318,10097,11/18/2012,11,2012,Sunday,250,820,500,1640,220,722,13.38,0,44,Sunny,2359
20488,Store A,184,1508,18530400,7500,100709,12288,11/19/2012,11,2012,Monday,250,820,500,1640,220,722,13.42,0,46,Rainy,2617
20488,Store A,157,1038,10895100,0,69396,10496,11/20/2012,11,2012,Tuesday,250,820,500,1640,220,722,13.38,0,42,Sunny,2159
20488,Store A,150,1163,15144700,4500,100965,13022,11/21/2012,11,2012,Wednesday,250,820,500,1640,220,722,13.29,0,46,Cloudy,3059
20488,Store A,200,1428,17338300,0,86692,12142,11/22/2012,11,2012,Thursday,250,820,500,1640,220,722,13.17,0,50,Rainy,3318
20488,Store A,212,1872,20123700,0,94923,10750,11/23/2012,11,2012,Friday,250,820,500,1640,220,722,13.13,1,41,Sunny,3771
20488,Store A,258,2161,29180800,0,113104,13503,11/24/2012,11,2012,Saturday,250,820,500,1640,220,722,13.18,1,42,Sunny,1783
20488,Store A,191,1257,18046400,0,94484,14357,11/25/2012,11,2012,Sunday,250,820,500,1640,220,722,13,1,44,Rainy,2713
20488,Store A,145,980,12255400,0,84520,12506,11/26/2012,11,2012,Monday,250,820,500,1640,220,722,12.83,0,41,Snowy,2489
20488,Store A,154,1067,11072400,0,71899,10377,11/27/2012,11,2012,Tuesday,250,820,500,1640,220,722,13.07,0,42,Sunny,2485
20488,Store A,138,1288,11026200,4500,79900,8561,11/28/2012,11,2012,Wednesday,250,820,500,1640,220,722,13.2,0,51,Rainy,2431
20488,Store A,154,1626,16539300,4500,107398,10172,11/29/2012,11,2012,Thursday,250,820,500,1640,220,722,13.25,0,39,Sunny,2332
20488,Store A,155,1313,14516200,12000,93653,11056,11/30/2012,11,2012,Friday,250,820,500,1640,220,722,13.19,0,42,Rainy,2129
20488,Store A,192,1814,18127400,0,94414,9993,12/1/2012,12,2012,Saturday,250,820,500,1640,220,722,13.12,0,35,Sunny,2587
20488,Store A,232,1724,26013200,4500,112126,15089,12/2/2012,12,2012,Sunday,250,820,500,1640,220,722,12.98,0,42,Cloudy,2534
20488,Store A,128,1193,12137400,0,94823,10174,12/3/2012,12,2012,Monday,250,820,500,1640,220,722,12.81,0,42,Snowy,2104
20488,Store A,137,876,6822800,0,49801,7789,12/4/2012,12,2012,Tuesday,250,820,500,1640,220,722,13.02,0,32,Sunny,1684
20488,Store A,119,959,9719900,6000,81680,10135,12/5/2012,12,2012,Wednesday,250,820,500,1640,220,722,13.2,0,32,Snowy,2534
20488,Store A,133,1213,12229300,0,91950,10082,12/6/2012,12,2012,Thursday,250,820,500,1640,220,722,13.16,0,26,Snowy,2546
20488,Store A,154,2353,14699220,3892780,95449,6247,12/7/2012,12,2012,Friday,250,820,500,1640,220,722,13.13,0,28,Snowy,2440
20488,Store A,228,3158,22162380,5820720,97203,7018,12/8/2012,12,2012,Saturday,250,820,500,1640,220,722,13.12,0,19,Sunny,2558
20488,Store A,221,2567,17311340,5186560,78332,6744,12/9/2012,12,2012,Sunday,250,820,500,1640,220,722,13,0,17,Sunny,2478
20488,Store A,120,1220,13187700,0,109898,10810,12/10/2012,12,2012,Monday,250,820,500,1640,220,722,13.09,0,21,Sunny,1493
20488,Store A,106,1095,8658100,6900,81680,7907,12/11/2012,12,2012,Tuesday,250,820,500,1640,220,722,13.1,0,26,Sunny,1450
20488,Store A,107,1724,8752500,9000,81799,5077,12/12/2012,12,2012,Wednesday,250,820,500,1640,220,722,13.05,0,30,Sunny,18114
20488,Store A,123,968,9000500,0,73175,9298,12/13/2012,12,2012,Thursday,250,820,500,1640,220,722,12.96,0,37,Sunny,1894
20488,Store A,130,1181,12391000,0,95315,10492,12/14/2012,12,2012,Friday,250,820,500,1640,220,722,12.85,0,37,Rainy,1937
20488,Store A,193,1905,17293400,0,89603,9078,12/15/2012,12,2012,Saturday,250,820,500,1640,220,722,12.83,0,44,Cloudy,2401
20488,Store A,204,1791,18937400,14700,92830,10574,12/16/2012,12,2012,Sunday,250,820,500,1640,220,722,12.73,0,39,Cloudy,2533
20488,Store A,156,1151,11578000,0,74218,10059,12/17/2012,12,2012,Monday,250,820,500,1640,220,722,12.52,0,37,Sunny,12119
20488,Store A,135,1087,9114400,12000,67514,8385,12/18/2012,12,2012,Tuesday,250,820,500,1640,220,722,12.65,0,24,Sunny,1593
20488,Store A,146,1368,10448800,0,71567,7638,12/19/2012,12,2012,Wednesday,250,820,500,1640,220,722,12.76,0,24,Sunny,1572
20488,Store A,123,1201,10145800,4500,82486,8448,12/20/2012,12,2012,Thursday,250,820,500,1640,220,722,12.7,0,32,Sunny,1271
20488,Store A,116,1285,12333600,0,106324,9598,12/21/2012,12,2012,Friday,250,820,500,1640,220,722,12.74,0,32,Snowy,1611
20488,Store A,179,1293,12531900,14700,70011,9692,12/22/2012,12,2012,Saturday,250,820,500,1640,220,722,12.77,1,30,Cloudy,2257
20488,Store A,196,2089,16397800,3600,83662,7850,12/23/2012,12,2012,Sunday,250,820,500,1640,220,722,12.76,1,19,Sunny,1293
20488,Store A,105,941,10020700,0,95435,10649,12/24/2012,12,2012,Monday,250,820,500,1640,220,722,12.76,1,21,Snowy,995
20488,Store A,162,943,8426800,6300,52017,8936,12/25/2012,12,2012,Tuesday,250,820,500,1640,220,722,12.7,0,21,Snowy,1518
20488,Store A,149,1396,16964200,0,113854,12152,12/26/2012,12,2012,Wednesday,250,820,500,1640,220,722,12.65,0,17,Sunny,2930
20488,Store A,174,1923,15915500,0,91468,8276,12/27/2012,12,2012,Thursday,250,820,500,1640,220,722,12.61,0,28,Sunny,2007
20488,Store A,184,1188,13598000,6300,73902,11446,12/28/2012,12,2012,Friday,250,820,500,1640,220,722,12.48,0,35,Snowy,1808
20488,Store A,158,1267,12535900,6000,79341,9894,12/29/2012,12,2012,Saturday,250,820,500,1640,220,722,12.38,0,32,Snowy,2160
20488,Store A,219,2450,20913800,0,95497,8536,12/30/2012,12,2012,Sunday,250,820,500,1640,220,722,12.41,0,32,Snowy,3015
20488,Store A,187,1573,18634200,6300,99648,11846,12/31/2012,12,2012,Monday,250,820,500,1640,220,722,12.42,0,19,Sunny,2103
20488,Store A,201,1604,16469600,15000,81938,10268,1/1/2013,1,2013,Tuesday,250,820,500,1640,220,722,12.29,0,32,Snowy,2054
20488,Store A,151,1354,15322300,0,101472,11316,1/2/2013,1,2013,Wednesday,250,820,500,1640,220,722,12.28,0,21,Sunny,3761
20488,Store A,161,1488,17598900,0,109310,11827,1/3/2013,1,2013,Thursday,250,820,500,1640,220,722,12.21,0,14,Sunny,3761
20488,Store A,171,1629,14302600,10500,83641,8780,1/4/2013,1,2013,Friday,250,820,500,1640,220,722,12.19,0,17,Sunny,2159
20488,Store A,121,737,8217600,0,67914,11150,1/5/2013,1,2013,Saturday,250,820,500,1640,220,722,12.08,0,28,Snowy,1505
20488,Store A,113,928,12400800,0,109742,13363,1/6/2013,1,2013,Sunday,250,820,500,1640,220,722,11.9,0,24,Cloudy,1552
20488,Store A,85,770,6483200,4500,76273,8420,1/7/2013,1,2013,Monday,250,820,500,1640,220,722,11.71,0,28,Cloudy,1097
20488,Store A,92,736,7674900,12600,83423,10428,1/8/2013,1,2013,Tuesday,250,820,500,1640,220,722,11.96,0,28,Sunny,1019
20488,Store A,68,440,6458500,0,94978,14678,1/9/2013,1,2013,Wednesday,250,820,500,1640,220,722,12.15,0,17,Sunny,915
20488,Store A,86,1333,8643300,9000,100503,6484,1/10/2013,1,2013,Thursday,250,820,500,1640,220,722,12.12,0,23,Sunny,841
20488,Store A,103,751,8780400,0,85247,11692,1/11/2013,1,2013,Friday,250,820,500,1640,220,722,12.01,0,33,Cloudy,1103
20488,Store A,118,681,8773200,0,74349,12883,1/12/2013,1,2013,Saturday,250,820,500,1640,220,722,11.85,1,39,Snowy,2301
20488,Store A,158,1311,13966100,6300,88393,10653,1/13/2013,1,2013,Sunday,250,820,500,1640,220,722,11.7,1,32,Cloudy,1332
20488,Store A,122,940,11687800,0,95802,12434,1/14/2013,1,2013,Monday,250,820,500,1640,220,722,11.48,1,35,Cloudy,1490
20488,Store A,127,1484,17775000,9000,139961,11978,1/15/2013,1,2013,Tuesday,250,820,500,1640,220,722,11.66,0,35,Sunny,1522
20488,Store A,107,737,7464900,0,69765,10129,1/16/2013,1,2013,Wednesday,250,820,500,1640,220,722,11.87,0,32,Snowy,1409
20488,Store A,128,1334,12358890,2751710,96554,9265,1/17/2013,1,2013,Thursday,250,820,500,1640,220,722,11.97,0,24,Sunny,1442
20488,Store A,138,1384,12216940,2899460,88529,8827,1/18/2013,1,2013,Friday,250,820,500,1640,220,722,11.88,0,32,Sunny,1717
20488,Store A,165,1520,12000820,3307780,72732,7895,1/19/2013,1,2013,Saturday,250,820,500,1640,220,722,11.75,0,39,Sunny,2009
20488,Store A,153,1370,12276410,2842090,80238,8961,1/20/2013,1,2013,Sunday,250,820,500,1640,220,722,11.66,0,39,Cloudy,2413
20488,Store A,100,916,9601700,2792000,96017,10482,1/21/2013,1,2013,Monday,250,820,500,1640,220,722,11.53,0,39,Rainy,1877
20488,Store A,116,945,9147200,0,78855,9680,1/22/2013,1,2013,Tuesday,250,820,500,1640,220,722,11.74,0,41,Rainy,2085
20488,Store A,108,1135,7503400,6300,69476,6611,1/23/2013,1,2013,Wednesday,250,820,500,1640,220,722,11.93,0,37,Rainy,1798
20488,Store A,134,1013,10350800,0,77245,10218,1/24/2013,1,2013,Thursday,250,820,500,1640,220,722,12.03,0,37,Snowy,1971
20488,Store A,152,1402,15283400,0,100549,10901,1/25/2013,1,2013,Friday,250,820,500,1640,220,722,11.94,0,21,Sunny,2719
20488,Store A,201,1751,16451200,13800,81847,9395,1/26/2013,1,2013,Saturday,250,820,500,1640,220,722,11.82,0,21,Sunny,2638
20488,Store A,201,1630,17648600,27900,87804,10827,1/27/2013,1,2013,Sunday,250,820,500,1640,220,722,11.69,0,24,Sunny,2467
20488,Store A,145,1068,12723000,0,87745,11913,1/28/2013,1,2013,Monday,250,820,500,1640,220,722,11.8,0,32,Cloudy,1859
20488,Store A,140,1482,8458800,4500,60420,5708,1/29/2013,1,2013,Tuesday,250,820,500,1640,220,722,11.93,0,41,Snowy,1889
20488,Store A,129,1512,8913100,0,69094,5895,1/30/2013,1,2013,Wednesday,250,820,500,1640,220,722,11.96,0,48,Cloudy,1921
20488,Store A,102,1184,6788600,0,66555,5734,1/31/2013,1,2013,Thursday,250,820,500,1640,220,722,11.91,0,51,Sunny,1867
20488,Store A,116,1025,10349300,9000,89218,10097,2/1/2013,2,2013,Friday,250,820,500,1640,220,722,11.94,0,48,Rainy,1891
20488,Store A,162,1845,12803100,3000,79031,6939,2/2/2013,2,2013,Saturday,250,820,500,1640,220,722,11.87,0,35,Sunny,2518
20488,Store A,150,1681,13875800,19200,92505,8254,2/3/2013,2,2013,Sunday,250,820,500,1640,220,722,11.78,0,30,Snowy,3038
20488,Store A,174,1523,16419400,0,94364,10781,2/4/2013,2,2013,Monday,250,820,500,1640,220,722,11.52,0,33,Snowy,3542
20488,Store A,125,825,9103000,0,72824,11034,2/5/2013,2,2013,Tuesday,250,820,500,1640,220,722,11.71,0,35,Snowy,
20488,Store A,170,1496,9087100,3000,53454,6074,2/6/2013,2,2013,Wednesday,250,820,500,1640,220,722,11.7,0,33,Snowy,
20488,Store A,131,1182,9615000,53100,73397,8135,2/7/2013,2,2013,Thursday,250,820,500,1640,220,722,11.61,0,28,Sunny,
20488,Store A,102,770,8756800,0,85851,11372,2/8/2013,2,2013,Friday,250,820,500,1640,220,722,11.63,0,15,Sunny,
20488,Store A,130,1151,13149100,0,101147,11424,2/9/2013,2,2013,Saturday,250,820,500,1640,220,722,11.75,1,28,Sunny,
20488,Store A,178,1813,16134900,33000,90646,8900,2/10/2013,2,2013,Sunday,250,820,500,1640,220,722,11.74,1,28,Snowy,
20488,Store A,118,941,5693600,78300,48251,6051,2/11/2013,2,2013,Monday,250,820,500,1640,220,722,11.63,1,26,cloudy,
20488,Store A,159,999,6714200,354600,42228,6721,2/12/2013,2,2013,Tuesday,250,820,500,1640,220,722,11.73,0,28,cloudy,
20488,Store A,127,864,7667700,36400,60376,8875,2/13/2013,2,2013,Wednesday,250,820,500,1640,220,722,11.62,0,35,cloudy,
20488,Store A,168,1572,11823440,2582660,70378,7521,2/14/2013,2,2013,Thursday,250,820,500,1640,220,722,11.63,0,41,cloudy,
20488,Store A,191,1674,9165710,2984790,47988,5475,2/15/2013,2,2013,Friday,250,820,500,1640,220,722,11.61,0,32,cloudy,
20488,Store A,212,1810,15054520,3654580,71012,8317,2/16/2013,2,2013,Saturday,250,820,500,1640,220,722,11.6,0,33,Sunny,
20488,Store A,209,2152,13601870,3933030,65081,6321,2/17/2013,2,2013,Sunday,250,820,500,1640,220,722,11.48,0,42,cloudy,
20488,Store A,220,2333,13677720,4300480,62171,5863,2/18/2013,2,2013,Monday,250,820,500,1640,220,722,11.25,0,35,cloudy,
20488,Store A,156,1437,10870800,4500,69685,7565,2/19/2013,2,2013,Tuesday,250,820,500,1640,220,722,11.46,0,32,Sunny,
20488,Store A,165,1074,13710900,20700,83096,12766,2/20/2013,2,2013,Wednesday,250,820,500,1640,220,722,11.53,0,30,Sunny,
20488,Store A,148,1489,10300900,0,69601,6918,2/21/2013,2,2013,Thursday,250,820,500,1640,220,722,11.52,0,35,Sunny,
20488,Store A,166,1459,12667900,0,76313,8683,2/22/2013,2,2013,Friday,250,820,500,1640,220,722,11.62,0,39,Snowy,
20488,Store A,250,2001,20000500,9000,80002,9995,2/23/2013,2,2013,Saturday,250,820,500,1640,220,722,11.63,0,35,Sunny,
20488,Store A,240,1541,20462700,30300,85261,13279,2/24/2013,2,2013,Sunday,250,820,500,1640,220,722,11.5,0,41,Sunny,
20488,Store A,207,1771,18935600,9000,91476,10692,2/25/2013,2,2013,Monday,250,820,500,1640,220,722,11.33,0,44,cloudy,
20488,Store A,193,1497,12480800,6000,64667,8337,2/26/2013,2,2013,Tuesday,250,820,500,1640,220,722,11.47,0,46,Rainy,
20488,Store A,162,852,8950300,14400,55249,10505,2/27/2013,2,2013,Wednesday,250,820,500,1640,220,722,11.82,0,44,Cloudy,
20488,Store A,169,1133,11753200,0,69546,10374,2/28/2013,2,2013,Thursday,250,820,500,1640,220,722,11.81,0,55,Rainy,
20488,Store A,178,1047,10000000,9000,56180,9551,3/1/2013,3,2013,Friday,250,820,500,1640,220,722,11.72,0,44,Rainy,
20488,Store A,208,1867,15293500,0,73526,8191,3/2/2013,3,2013,Saturday,250,820,500,1640,220,722,11.66,0,35,Sunny,
20488,Store A,169,1337,10677700,4500,63182,7986,3/3/2013,3,2013,Sunday,250,820,500,1640,220,722,11.57,0,39,Sunny,
20488,Store A,140,1108,9387000,0,67050,8472,3/4/2013,3,2013,Monday,250,820,500,1640,220,722,11.33,0,46,Sunny,
20488,Store A,201,1828,14303100,4500,71160,7824,3/5/2013,3,2013,Tuesday,250,820,500,1640,220,722,11.54,0,46,Sunny,
20488,Store A,189,1176,10685800,0,56539,9087,3/6/2013,3,2013,Wednesday,250,820,500,1640,220,722,11.64,0,57,Sunny,
20488,Store A,196,1336,15112300,4500,77104,11312,3/7/2013,3,2013,Thursday,250,820,500,1640,220,722,11.59,0,51,Rainy,
20488,Store A,198,1209,17471700,0,88241,14451,3/8/2013,3,2013,Friday,250,820,500,1640,220,722,11.52,0,55,Cloudy,
20488,Store A,227,2123,21115000,14700,93018,9946,3/9/2013,3,2013,Saturday,250,820,500,1640,220,722,11.4,0,71,Cloudy,
20488,Store A,269,2829,26105702,6900,97047,9228,3/10/2013,3,2013,Sunday,250,820,500,1640,220,722,11.34,0,44,Sunny,
20488,Store A,218,1936,14340800,24000,65783,7407,3/11/2013,3,2013,Monday,250,820,500,1640,220,722,11.21,0,50,Sunny,
20488,Store A,237,2803,17436500,0,73572,6221,3/12/2013,3,2013,Tuesday,250,820,500,1640,220,722,11.37,0,53,Rainy,
20488,Store A,207,2315,14125900,24000,68241,6102,3/13/2013,3,2013,Wednesday,250,820,500,1640,220,722,11.37,0,46,Rainy,
20488,Store A,208,1667,11589920,3221780,55721,6953,3/14/2013,3,2013,Thursday,250,820,500,1640,220,722,11.43,0,46,Sunny,
20488,Store A,270,3065,19037150,5348850,70508,6211,3/15/2013,3,2013,Friday,250,820,500,1640,220,722,11.49,0,48,Sunny,
20488,Store A,298,3253,20579470,5972830,69059,6326,3/16/2013,3,2013,Saturday,250,820,500,1640,220,722,11.56,0,51,Sunny,
