Code,Store Name,# of Customers,# of Items,Total Sales,Discount,Avg Sales per Customer,Avg Sales per Item,Date,Month,Year,Weekday,Distance from Station X(Meter),Distance from Station X(Feet),Distance from Station Y(Meter),Distance from Station Y(Feet),Distance from Main Street(Meter),Distance from Main Street(Feet),YenWonRatio,Holiday,ActualHighTemp,Outlook,Japanese Tourists
20240,Store D,207,1468,10626800,0,51337,7239,9/1/2011,9,2011,Thursday,400,1312,300,984,400,1312,13.93,0,87,NA,
20240,Store D,197,1015,9339700,0,47410,9202,9/2/2011,9,2011,Friday,400,1312,300,984,400,1312,13.83,0,89,NA,
20240,Store D,178,834,9091100,0,51074,10901,9/3/2011,9,2011,Saturday,400,1312,300,984,400,1312,13.83,0,87,Cloudy,
20240,Store D,191,1124,9128100,0,47791,8121,9/4/2011,9,2011,Sunday,400,1312,300,984,400,1312,13.85,0,84,Cloudy,
20240,Store D,184,1087,10001500,0,54356,9201,9/5/2011,9,2011,Monday,400,1312,300,984,400,1312,13.85,0,82,Sunny,
20240,Store D,188,1203,9611600,0,51126,7990,9/6/2011,9,2011,Tuesday,400,1312,300,984,400,1312,13.9,0,82,Sunny,
20240,Store D,219,1175,9103200,0,41567,7747,9/7/2011,9,2011,Wednesday,400,1312,300,984,400,1312,13.91,0,80,Cloudy,
20240,Store D,149,839,5864300,0,39358,6990,9/8/2011,9,2011,Thursday,400,1312,300,984,400,1312,13.86,0,77,Cloudy,
20240,Store D,159,1239,11642100,0,73221,9396,9/9/2011,9,2011,Friday,400,1312,300,984,400,1312,13.87,0,69,Rainy,
20240,Store D,182,1166,9046800,0,49708,7759,9/10/2011,9,2011,Saturday,400,1312,300,984,400,1312,13.88,0,78,NA,
20240,Store D,211,1322,12053200,0,57124,9117,9/11/2011,9,2011,Sunday,400,1312,300,984,400,1312,13.87,0,73,Rainy,
20240,Store D,127,721,6111000,0,48118,8476,9/12/2011,9,2011,Monday,400,1312,300,984,400,1312,13.87,0,80,Cloudy,
20240,Store D,175,873,6297700,0,35987,7214,9/13/2011,9,2011,Tuesday,400,1312,300,984,400,1312,13.97,0,84,Cloudy,
20240,Store D,132,709,6805600,0,51558,9599,9/14/2011,9,2011,Wednesday,400,1312,300,984,400,1312,13.96,0,84,NA,
20240,Store D,169,1148,8687600,0,51406,7568,9/15/2011,9,2011,Thursday,400,1312,300,984,400,1312,14.23,0,86,NA,
20240,Store D,182,1359,10912100,0,59957,8030,9/16/2011,9,2011,Friday,400,1312,300,984,400,1312,14.47,0,87,NA,
20240,Store D,226,1961,17273600,0,76432,8809,9/17/2011,9,2011,Saturday,400,1312,300,984,400,1312,14.47,1,86,NA,
20240,Store D,209,1578,15251500,0,72974,9665,9/18/2011,9,2011,Sunday,400,1312,300,984,400,1312,14.45,1,78,Cloudy,
20240,Store D,164,1141,8688000,0,52976,7614,9/19/2011,9,2011,Monday,400,1312,300,984,400,1312,14.44,1,66,Rainy,
20240,Store D,175,1065,11784700,0,67341,11065,9/20/2011,9,2011,Tuesday,400,1312,300,984,400,1312,14.73,0,73,Sunny,
20240,Store D,174,1278,9789100,0,56259,7660,9/21/2011,9,2011,Wednesday,400,1312,300,984,400,1312,14.92,0,75,Sunny,
20240,Store D,153,1397,10012600,0,65442,7167,9/22/2011,9,2011,Thursday,400,1312,300,984,400,1312,15.02,0,75,Sunny,
20240,Store D,192,1512,12373700,0,64446,8184,9/23/2011,9,2011,Friday,400,1312,300,984,400,1312,15.34,1,77,NA,
20240,Store D,207,1522,13593700,0,65670,8931,9/24/2011,9,2011,Saturday,400,1312,300,984,400,1312,15.31,1,78,NA,
20240,Store D,188,1411,11789600,0,62711,8355,9/25/2011,9,2011,Sunday,400,1312,300,984,400,1312,15.2,1,78,NA,
20240,Store D,177,1422,12737000,0,71960,8957,9/26/2011,9,2011,Monday,400,1312,300,984,400,1312,15.2,0,80,NA,
20240,Store D,176,1159,9952600,0,56549,8587,9/27/2011,9,2011,Tuesday,400,1312,300,984,400,1312,15.44,0,84,NA,
20240,Store D,195,1554,11250200,0,57693,7240,9/28/2011,9,2011,Wednesday,400,1312,300,984,400,1312,15.33,0,75,NA,
20240,Store D,195,1557,13670100,0,70103,8780,9/29/2011,9,2011,Thursday,400,1312,300,984,400,1312,15.24,0,66,Rainy,
20240,Store D,168,1572,11693000,0,69601,7438,9/30/2011,9,2011,Friday,400,1312,300,984,400,1312,15.34,0,66,Sunny,
20240,Store D,188,1433,13257700,0,70520,9252,10/1/2011,10,2011,Saturday,400,1312,300,984,400,1312,15.36,0,64,Sunny,
20240,Store D,193,1298,9070100,0,46995,6988,10/2/2011,10,2011,Sunday,400,1312,300,984,400,1312,15.37,0,64,Sunny,
20240,Store D,165,1167,10156300,0,61553,8703,10/3/2011,10,2011,Monday,400,1312,300,984,400,1312,15.4,0,68,Sunny,
20240,Store D,159,1032,10135500,0,63745,9821,10/4/2011,10,2011,Tuesday,400,1312,300,984,400,1312,15.4,0,68,Sunny,
20240,Store D,149,1125,14505700,0,97354,12894,10/5/2011,10,2011,Wednesday,400,1312,300,984,400,1312,15.54,0,71,Sunny,
20240,Store D,158,1006,8439000,0,53411,8389,10/6/2011,10,2011,Thursday,400,1312,300,984,400,1312,15.3,0,69,NA,
20240,Store D,151,1375,10372100,0,68689,7543,10/7/2011,10,2011,Friday,400,1312,300,984,400,1312,15.43,0,69,NA,
20240,Store D,170,1168,10548900,0,62052,9032,10/8/2011,10,2011,Saturday,400,1312,300,984,400,1312,15.37,1,71,NA,
20240,Store D,218,1646,13960700,0,64040,8482,10/9/2011,10,2011,Sunday,400,1312,300,984,400,1312,15.37,1,71,NA,
20240,Store D,153,1342,11941200,0,78047,8898,10/10/2011,10,2011,Monday,400,1312,300,984,400,1312,15.3,1,69,NA,
20240,Store D,148,1298,9673300,0,65360,7452,10/11/2011,10,2011,Tuesday,400,1312,300,984,400,1312,15.18,0,69,NA,
20240,Store D,146,927,9588800,0,65677,10344,10/12/2011,10,2011,Wednesday,400,1312,300,984,400,1312,15.26,0,64,NA,
20240,Store D,151,1270,10719600,0,70991,8441,10/13/2011,10,2011,Thursday,400,1312,300,984,400,1312,15.18,0,73,NA,
20240,Store D,142,1151,12319200,0,86755,10703,10/14/2011,10,2011,Friday,400,1312,300,984,400,1312,15.1,0,60,NA,
20240,Store D,160,1255,10675300,0,66721,8506,10/15/2011,10,2011,Saturday,400,1312,300,984,400,1312,14.99,0,62,Rainy,
20240,Store D,189,1653,12172700,0,64406,7364,10/16/2011,10,2011,Sunday,400,1312,300,984,400,1312,14.94,0,66,Rainy,
20240,Store D,164,1085,13687400,0,83460,12615,10/17/2011,10,2011,Monday,400,1312,300,984,400,1312,14.94,0,57,Sunny,
20240,Store D,174,1199,11011100,0,63282,9184,10/18/2011,10,2011,Tuesday,400,1312,300,984,400,1312,14.91,0,57,Sunny,
20240,Store D,144,1416,13505700,0,93790,9538,10/19/2011,10,2011,Wednesday,400,1312,300,984,400,1312,14.93,0,68,Sunny,
20240,Store D,125,770,8369600,0,66957,10870,10/20/2011,10,2011,Thursday,400,1312,300,984,400,1312,14.81,0,69,Sunny,
20240,Store D,177,1342,13123500,0,74144,9779,10/21/2011,10,2011,Friday,400,1312,300,984,400,1312,14.83,0,69,Cloudy,
20240,Store D,233,1710,17481200,0,75027,10223,10/22/2011,10,2011,Saturday,400,1312,300,984,400,1312,14.93,0,71,Sunny,
20240,Store D,225,1634,16356100,0,72694,10010,10/23/2011,10,2011,Sunday,400,1312,300,984,400,1312,15,0,71,NA,
20240,Store D,182,1137,11751000,0,64566,10335,10/24/2011,10,2011,Monday,400,1312,300,984,400,1312,15.01,0,59,Rainy,
20240,Store D,145,973,9073400,0,62575,9325,10/25/2011,10,2011,Tuesday,400,1312,300,984,400,1312,14.94,0,53,Sunny,
20240,Store D,162,1220,11720300,0,72348,9607,10/26/2011,10,2011,Wednesday,400,1312,300,984,400,1312,14.85,0,59,Sunny,
20240,Store D,155,1897,14872200,0,95950,7840,10/27/2011,10,2011,Thursday,400,1312,300,984,400,1312,14.87,0,66,NA,
20240,Store D,178,1074,12229750,0,68706,11387,10/28/2011,10,2011,Friday,400,1312,300,984,400,1312,14.67,0,66,NA,
20240,Store D,210,1490,17042950,0,81157,11438,10/29/2011,10,2011,Saturday,400,1312,300,984,400,1312,14.56,0,59,NA,
20240,Store D,182,1345,12130500,0,66651,9019,10/30/2011,10,2011,Sunday,400,1312,300,984,400,1312,14.54,0,68,NA,
20240,Store D,169,1237,12505500,0,73997,10110,10/31/2011,10,2011,Monday,400,1312,300,984,400,1312,14.54,0,73,NA,
20240,Store D,121,881,7809700,0,64543,8865,11/1/2011,11,2011,Tuesday,400,1312,300,984,400,1312,14.24,0,71,NA,
20240,Store D,154,932,11265600,0,73153,12088,11/2/2011,11,2011,Wednesday,400,1312,300,984,400,1312,14.31,0,69,NA,
20240,Store D,192,1457,17186300,0,89512,11796,11/3/2011,11,2011,Thursday,400,1312,300,984,400,1312,14.33,0,73,NA,
20240,Store D,178,1279,10860700,0,61015,8492,11/4/2011,11,2011,Friday,400,1312,300,984,400,1312,14.42,0,73,NA,
20240,Store D,159,1254,11874800,0,74684,9470,11/5/2011,11,2011,Saturday,400,1312,300,984,400,1312,14.4,0,77,Rainy,
20240,Store D,180,1681,15312750,0,85071,9109,11/6/2011,11,2011,Sunday,400,1312,300,984,400,1312,14.14,0,66,Rainy,
20240,Store D,157,1284,12643000,0,80529,9847,11/7/2011,11,2011,Monday,400,1312,300,984,400,1312,14.15,0,64,Cloudy,
20240,Store D,150,1205,10160500,0,67737,8432,11/8/2011,11,2011,Tuesday,400,1312,300,984,400,1312,14.25,0,64,NA,
20240,Store D,142,1063,13315200,0,93769,12526,11/9/2011,11,2011,Wednesday,400,1312,300,984,400,1312,14.32,0,64,Cloudy,
20240,Store D,155,1084,14670850,0,94651,13534,11/10/2011,11,2011,Thursday,400,1312,300,984,400,1312,14.37,0,62,Rainy,
20240,Store D,156,1402,13849700,0,88780,9879,11/11/2011,11,2011,Friday,400,1312,300,984,400,1312,14.52,0,57,Rainy,
20240,Store D,201,1568,16267900,0,80935,10375,11/12/2011,11,2011,Saturday,400,1312,300,984,400,1312,14.56,0,60,Sunny,
20240,Store D,218,1903,15648600,0,71783,8223,11/13/2011,11,2011,Sunday,400,1312,300,984,400,1312,14.61,0,60,NA,
20240,Store D,169,1416,13094000,0,77479,9247,11/14/2011,11,2011,Monday,400,1312,300,984,400,1312,14.6,0,50,Sunny,
20240,Store D,154,1187,10725900,0,69649,9036,11/15/2011,11,2011,Tuesday,400,1312,300,984,400,1312,14.59,0,51,Sunny,
20240,Store D,141,1227,12377000,0,87780,10087,11/16/2011,11,2011,Wednesday,400,1312,300,984,400,1312,14.62,0,59,NA,
20240,Store D,124,932,9368750,0,75554,10052,11/17/2011,11,2011,Thursday,400,1312,300,984,400,1312,14.71,0,62,NA,
20240,Store D,189,1489,16047200,0,84906,10777,11/18/2011,11,2011,Friday,400,1312,300,984,400,1312,14.73,0,62,Rainy,
20240,Store D,259,2052,20921750,0,80779,10196,11/19/2011,11,2011,Saturday,400,1312,300,984,400,1312,14.79,0,60,Cloudy,
20240,Store D,186,1733,17000850,0,91402,9810,11/20/2011,11,2011,Sunday,400,1312,300,984,400,1312,14.79,0,39,Sunny,
20240,Store D,164,1296,12309400,0,75057,9498,11/21/2011,11,2011,Monday,400,1312,300,984,400,1312,14.79,0,42,Sunny,
20240,Store D,165,1303,9554900,0,57908,7333,11/22/2011,11,2011,Tuesday,400,1312,300,984,400,1312,14.84,0,48,NA,
20240,Store D,174,1394,15438700,0,88728,11075,11/23/2011,11,2011,Wednesday,400,1312,300,984,400,1312,14.87,0,46,Rainy,
20240,Store D,167,1183,10844800,0,64939,9167,11/24/2011,11,2011,Thursday,400,1312,300,984,400,1312,14.94,0,35,Sunny,
20240,Store D,185,1342,12979450,0,70159,9672,11/25/2011,11,2011,Friday,400,1312,300,984,400,1312,15,0,42,Snowy,
20240,Store D,230,1730,17286200,0,75157,9992,11/26/2011,11,2011,Saturday,400,1312,300,984,400,1312,14.98,0,53,NA,
20240,Store D,227,2258,17581100,0,77450,7786,11/27/2011,11,2011,Sunday,400,1312,300,984,400,1312,14.88,0,60,Cloudy,
20240,Store D,197,1585,15802000,0,80213,9970,11/28/2011,11,2011,Monday,400,1312,300,984,400,1312,14.92,0,61,Rainy,
20240,Store D,186,1368,13205000,0,70995,9653,11/29/2011,11,2011,Tuesday,400,1312,300,984,400,1312,14.82,0,56,Rainy,
20240,Store D,150,1205,10353200,0,69021,8592,11/30/2011,11,2011,Wednesday,400,1312,300,984,400,1312,14.57,0,48,Rainy,
20240,Store D,143,1065,13225100,0,92483,12418,12/1/2011,12,2011,Thursday,400,1312,300,984,400,1312,14.65,0,50,Rainy,
20240,Store D,150,2176,10016200,0,66775,4603,12/2/2011,12,2011,Friday,400,1312,300,984,400,1312,14.56,0,46,Cloudy,
20240,Store D,237,1749,18060500,0,76205,10326,12/3/2011,12,2011,Saturday,400,1312,300,984,400,1312,14.49,0,48,Rainy,
20240,Store D,229,1547,16751050,0,73149,10828,12/4/2011,12,2011,Sunday,400,1312,300,984,400,1312,14.37,0,42,Sunny,
20240,Store D,187,1276,15463050,0,82690,12118,12/5/2011,12,2011,Monday,400,1312,300,984,400,1312,14.35,0,41,Sunny,
20240,Store D,149,2195,11803300,0,79217,5377,12/6/2011,12,2011,Tuesday,400,1312,300,984,400,1312,14.44,0,44,Cloudy,
20240,Store D,145,1132,10842300,0,74774,9578,12/7/2011,12,2011,Wednesday,400,1312,300,984,400,1312,14.52,0,44,Cloudy,
20240,Store D,148,1279,13386200,0,90447,10466,12/8/2011,12,2011,Thursday,400,1312,300,984,400,1312,14.5,0,41,Cloudy,
20240,Store D,154,1094,10150050,0,65909,9278,12/9/2011,12,2011,Friday,400,1312,300,984,400,1312,14.56,0,35,Snowy,
20240,Store D,205,2081,17871100,0,87176,8588,12/10/2011,12,2011,Saturday,400,1312,300,984,400,1312,14.68,0,35,Snowy,
20240,Store D,247,2217,19680700,0,79679,8877,12/11/2011,12,2011,Sunday,400,1312,300,984,400,1312,14.75,0,44,Rainy,
20240,Store D,195,1453,16345200,0,83822,11249,12/12/2011,12,2011,Monday,400,1312,300,984,400,1312,14.74,0,45,NA,
20240,Store D,175,1598,13965100,0,79801,8739,12/13/2011,12,2011,Tuesday,400,1312,300,984,400,1312,14.74,0,43,Sunny,
20240,Store D,135,906,12011400,0,88973,13258,12/14/2011,12,2011,Wednesday,400,1312,300,984,400,1312,14.72,0,47,Rainy,
20240,Store D,154,1498,15206950,0,98746,10152,12/15/2011,12,2011,Thursday,400,1312,300,984,400,1312,14.86,0,32,Sunny,
20240,Store D,127,736,9322800,0,73408,12667,12/16/2011,12,2011,Friday,400,1312,300,984,400,1312,14.84,0,25,Sunny,
20240,Store D,210,1679,16965550,0,80788,10105,12/17/2011,12,2011,Saturday,400,1312,300,984,400,1312,14.85,0,32,Cloudy,
20240,Store D,170,1355,14347800,0,84399,10589,12/18/2011,12,2011,Sunday,400,1312,300,984,400,1312,14.85,0,35,NA,
20240,Store D,137,1261,12635100,0,92227,10020,12/19/2011,12,2011,Monday,400,1312,300,984,400,1312,14.85,0,37,Cloudy,
20240,Store D,115,783,6391200,0,55576,8162,12/20/2011,12,2011,Tuesday,400,1312,300,984,400,1312,14.99,0,40,Rainy,
20240,Store D,112,763,7574800,0,67632,9928,12/21/2011,12,2011,Wednesday,400,1312,300,984,400,1312,14.95,0,43,Snowy,
20240,Store D,141,1196,10936500,0,77564,9144,12/22/2011,12,2011,Thursday,400,1312,300,984,400,1312,14.78,0,36,Sunny,
20240,Store D,176,1821,15921900,0,90465,8743,12/23/2011,12,2011,Friday,400,1312,300,984,400,1312,14.75,1,33,Snowy,
20240,Store D,163,1266,14035900,0,86110,11087,12/24/2011,12,2011,Saturday,400,1312,300,984,400,1312,14.72,1,27,Snowy,
20240,Store D,140,1321,11531100,0,82365,8729,12/25/2011,12,2011,Sunday,400,1312,300,984,400,1312,14.69,1,25,Sunny,
20240,Store D,121,832,6532750,0,53990,7852,12/26/2011,12,2011,Monday,400,1312,300,984,400,1312,14.69,0,25,Sunny,
20240,Store D,119,1163,11115900,0,93411,9558,12/27/2011,12,2011,Tuesday,400,1312,300,984,400,1312,14.7,0,32,Cloudy,
20240,Store D,143,1356,12654600,0,88494,9332,12/28/2011,12,2011,Wednesday,400,1312,300,984,400,1312,14.79,0,37,NA,
20240,Store D,161,1287,15503900,0,96298,12047,12/29/2011,12,2011,Thursday,400,1312,300,984,400,1312,14.85,0,33,NA,
20240,Store D,193,2002,16029500,0,83054,8007,12/30/2011,12,2011,Friday,400,1312,300,984,400,1312,14.85,0,33,NA,
20240,Store D,219,1800,23450400,0,107079,13028,12/31/2011,12,2011,Saturday,400,1312,300,984,400,1312,14.95,0,35,NA,
20240,Store D,183,1775,12533600,0,68490,7061,1/1/2012,1,2012,Monday,400,1312,300,984,400,1312,15.07,0,32,Snowy,
20240,Store D,166,1245,12258900,0,73849,9847,1/2/2012,1,2012,Tuesday,400,1312,300,984,400,1312,15.07,0,30,NA,
20240,Store D,164,1090,10564500,0,64418,9692,1/3/2012,1,2012,Wednesday,400,1312,300,984,400,1312,15.02,0,33,Snowy,
20240,Store D,137,1256,11519750,0,84086,9172,1/4/2012,1,2012,Thursday,400,1312,300,984,400,1312,14.95,0,26,NA,
20240,Store D,157,1433,14233800,0,90661,9933,1/5/2012,1,2012,Friday,400,1312,300,984,400,1312,14.95,0,30,Sunny,
20240,Store D,140,1158,12031150,0,85937,10390,1/6/2012,1,2012,Saturday,400,1312,300,984,400,1312,14.98,0,33,Snowy,
20240,Store D,180,1531,14947600,0,83042,9763,1/7/2012,1,2012,Sunday,400,1312,300,984,400,1312,15.01,1,33,NA,
20240,Store D,208,1975,16362000,0,78663,8285,1/8/2012,1,2012,Monday,400,1312,300,984,400,1312,15.06,1,33,NA,
20240,Store D,136,1178,8882000,0,65309,7540,1/9/2012,1,2012,Tuesday,400,1312,300,984,400,1312,15.07,1,35,NA,
20240,Store D,116,894,11419200,0,98441,12773,1/10/2012,1,2012,Wednesday,400,1312,300,984,400,1312,15.09,0,35,NA,
20240,Store D,109,810,9786000,0,89780,12081,1/11/2012,1,2012,Thursday,400,1312,300,984,400,1312,15.03,0,28,Sunny,
20240,Store D,127,870,11179000,0,88024,12849,1/12/2012,1,2012,Friday,400,1312,300,984,400,1312,15.05,0,32,Snowy,
20240,Store D,148,912,12037000,54900,81331,13198,1/13/2012,1,2012,Saturday,400,1312,300,984,400,1312,15.02,0,37,NA,
20240,Store D,188,1429,15062500,56600,80120,10541,1/14/2012,1,2012,Sunday,400,1312,300,984,400,1312,14.96,0,37,NA,
20240,Store D,165,1188,13002300,184200,78802,10945,1/15/2012,1,2012,Monday,400,1312,300,984,400,1312,14.94,0,32,Sunny,
20240,Store D,139,1140,11661010,0,83892,10229,1/16/2012,1,2012,Tuesday,400,1312,300,984,400,1312,14.94,0,44,NA,
20240,Store D,108,810,8303200,0,76881,10251,1/17/2012,1,2012,Wednesday,400,1312,300,984,400,1312,15,0,44,Sunny,
20240,Store D,96,644,7061200,0,73554,10965,1/18/2012,1,2012,Thursday,400,1312,300,984,400,1312,14.91,0,39,NA,
20240,Store D,115,993,8105000,0,70478,8162,1/19/2012,1,2012,Friday,400,1312,300,984,400,1312,14.84,0,44,Rainy,
20240,Store D,99,804,8818700,0,89078,10969,1/20/2012,1,2012,Saturday,400,1312,300,984,400,1312,14.76,0,46,Rainy,
20240,Store D,109,723,6164000,0,56550,8526,1/21/2012,1,2012,Saturday,400,1312,300,984,400,1312,14.68,0,42,NA,
20240,Store D,66,628,5035700,0,76298,8019,1/22/2012,1,2012,Sunday,400,1312,300,984,400,1312,14.7,0,24,NA,
20240,Store D,58,390,3330000,0,57414,8538,1/23/2012,1,2012,Monday,400,1312,300,984,400,1312,14.7,0,23,Sunny,
20240,Store D,83,297,3012650,0,36297,10144,1/24/2012,1,2012,Tuesday,400,1312,300,984,400,1312,14.7,0,28,Snowy,
20240,Store D,93,712,4615200,0,49626,6482,1/25/2012,1,2012,Wednesday,400,1312,300,984,400,1312,14.58,0,24,Sunny,
20240,Store D,99,736,6674600,0,67420,9069,1/26/2012,1,2012,Thursday,400,1312,300,984,400,1312,14.47,0,38,Snowy,
20240,Store D,141,951,7454200,0,52867,7838,1/27/2012,1,2012,Friday,400,1312,300,984,400,1312,14.43,0,41,NA,
20240,Store D,211,1715,17031700,0,80719,9931,1/28/2012,1,2012,Saturday,400,1312,300,984,400,1312,14.56,0,37,Sunny,
20240,Store D,179,1491,13856800,0,77412,9294,1/29/2012,1,2012,Sunday,400,1312,300,984,400,1312,14.57,0,37,Sunny,
20240,Store D,181,1356,14380400,0,79450,10605,1/30/2012,1,2012,Monday,400,1312,300,984,400,1312,14.58,0,29,Sunny,
20240,Store D,125,786,6696500,0,53572,8520,1/31/2012,1,2012,Tuesday,400,1312,300,984,400,1312,14.68,0,29,Snowy,
20240,Store D,118,1100,9587800,0,81253,8716,2/1/2012,2,2012,Wednesday,400,1312,300,984,400,1312,14.71,0,20,Sunny,3168
20240,Store D,115,827,9109900,0,79217,11016,2/2/2012,2,2012,Thursday,400,1312,300,984,400,1312,14.75,0,16,Sunny,2743
20240,Store D,152,1141,9631700,0,63366,8441,2/3/2012,2,2012,Friday,400,1312,300,984,400,1312,14.71,0,30,Snowy,2841
20240,Store D,190,1428,15141600,0,79693,10603,2/4/2012,2,2012,Saturday,400,1312,300,984,400,1312,14.63,0,35,NA,4267
20240,Store D,202,1543,17727550,0,87760,11489,2/5/2012,2,2012,Sunday,400,1312,300,984,400,1312,14.51,0,40,Sunny,4626
20240,Store D,190,1150,12587700,0,66251,10946,2/6/2012,2,2012,Monday,400,1312,300,984,400,1312,14.55,0,42,NA,4069
20240,Store D,126,1002,10349800,0,82141,10329,2/7/2012,2,2012,Tuesday,400,1312,300,984,400,1312,14.6,0,32,Sunny,
20240,Store D,111,647,6110450,0,55049,9444,2/8/2012,2,2012,Wednesday,400,1312,300,984,400,1312,14.57,0,25,Snowy,
20240,Store D,128,903,8105700,0,63326,8976,2/9/2012,2,2012,Thursday,400,1312,300,984,400,1312,14.48,0,34,Snowy,
20240,Store D,143,1251,11425000,0,79895,9133,2/10/2012,2,2012,Friday,400,1312,300,984,400,1312,14.44,0,36,Sunny,
20240,Store D,196,1532,14480000,0,73878,9452,2/11/2012,2,2012,Saturday,400,1312,300,984,400,1312,14.44,0,34,Sunny,
20240,Store D,196,1683,15005750,0,76560,8916,2/12/2012,2,2012,Sunday,400,1312,300,984,400,1312,14.46,0,40,Sunny,
20240,Store D,136,907,9668500,0,71092,10660,2/13/2012,2,2012,Monday,400,1312,300,984,400,1312,14.45,0,46,NA,
20240,Store D,164,1066,9289600,0,56644,8714,2/14/2012,2,2012,Tuesday,400,1312,300,984,400,1312,14.42,0,45,NA,3819
20240,Store D,141,1091,9938900,0,70489,9110,2/15/2012,2,2012,Wednesday,400,1312,300,984,400,1312,14.41,0,36,NA,4064
20240,Store D,163,1101,9091900,0,55779,8258,2/16/2012,2,2012,Thursday,400,1312,300,984,400,1312,14.31,0,36,Sunny,3569
20240,Store D,143,848,9091200,127000,63575,10721,2/17/2012,2,2012,Friday,400,1312,300,984,400,1312,14.35,0,28,Sunny,4248
20240,Store D,214,1496,15081300,63200,70473,10081,2/18/2012,2,2012,Saturday,400,1312,300,984,400,1312,14.2,0,27,Sunny,5102
20240,Store D,226,1785,20254900,57600,89623,11347,2/19/2012,2,2012,Sunday,400,1312,300,984,400,1312,14.14,0,34,Sunny,4951
20240,Store D,191,1756,12115100,0,63430,6899,2/20/2012,2,2012,Monday,400,1312,300,984,400,1312,14.13,0,41,Sunny,4836
20240,Store D,189,1250,11904600,0,62987,9524,2/21/2012,2,2012,Tuesday,400,1312,300,984,400,1312,14.09,0,42,NA,4671
20240,Store D,172,1477,8929850,0,51918,6046,2/22/2012,2,2012,Wednesday,400,1312,300,984,400,1312,14.09,0,54,NA,4664
20240,Store D,204,1884,12264500,0,60120,6510,2/23/2012,2,2012,Thursday,400,1312,300,984,400,1312,14.06,0,46,NA,3936
20240,Store D,185,1438,15501700,0,83793,10780,2/24/2012,2,2012,Friday,400,1312,300,984,400,1312,14.06,0,50,NA,3606
20240,Store D,177,1657,12901600,0,72890,7786,2/25/2012,2,2012,Saturday,400,1312,300,984,400,1312,13.98,0,41,Cloudy,4788
20240,Store D,223,1775,15727000,0,70525,8860,2/26/2012,2,2012,Sunday,400,1312,300,984,400,1312,13.83,0,37,Sunny,4457
20240,Store D,166,1076,11419600,0,68793,10613,2/27/2012,2,2012,Monday,400,1312,300,984,400,1312,13.83,0,41,Sunny,3879
20240,Store D,156,1040,10361300,0,66419,9963,2/28/2012,2,2012,Tuesday,400,1312,300,984,400,1312,13.93,0,44,Sunny,3430
20240,Store D,125,978,8445650,0,67565,8636,2/29/2012,2,2012,Wednesday,400,1312,300,984,400,1312,13.98,0,50,Sunny,3361
20240,Store D,123,826,5458400,10800,44377,6608,3/1/2012,3,2012,Thursday,400,1312,300,984,400,1312,13.89,0,57,Cloudy,3009
20240,Store D,140,895,11680700,24600,83434,13051,3/2/2012,3,2012,Friday,400,1312,300,984,400,1312,13.77,0,50,NA,4040
20240,Store D,150,1327,14576050,358250,97174,10984,3/3/2012,3,2012,Saturday,400,1312,300,984,400,1312,13.68,0,53,Sunny,4889
20240,Store D,189,1602,11676530,529070,61781,7289,3/4/2012,3,2012,Sunday,400,1312,300,984,400,1312,13.61,0,50,Rainy,4024
20240,Store D,129,950,7095800,41100,55006,7469,3/5/2012,3,2012,Monday,400,1312,300,984,400,1312,13.46,0,48,Rainy,4107
20240,Store D,148,843,8823900,21150,59621,10467,3/6/2012,3,2012,Tuesday,400,1312,300,984,400,1312,13.6,0,41,Rainy,4140
20240,Store D,149,978,8267100,49800,55484,8453,3/7/2012,3,2012,Wednesday,400,1312,300,984,400,1312,13.82,0,42,Sunny,4188
20240,Store D,163,1173,9362950,1500,57441,7982,3/8/2012,3,2012,Thursday,400,1312,300,984,400,1312,13.89,0,42,NA,3277
20240,Store D,196,2016,10965710,3136890,55948,5439,3/9/2012,3,2012,Friday,400,1312,300,984,400,1312,13.72,0,46,NA,3962
20240,Store D,254,2136,16621770,3980730,65440,7782,3/10/2012,3,2012,Saturday,400,1312,300,984,400,1312,13.62,0,46,Sunny,5026
20240,Store D,265,3173,20396790,6758610,76969,6428,3/11/2012,3,2012,Sunday,400,1312,300,984,400,1312,13.52,0,35,Snowy,5226
20240,Store D,150,1179,10013900,0,66759,8494,3/12/2012,3,2012,Monday,400,1312,300,984,400,1312,13.52,0,37,Sunny,5063
20240,Store D,162,1105,13078800,0,80733,11836,3/13/2012,3,2012,Tuesday,400,1312,300,984,400,1312,13.62,0,44,NA,4473
20240,Store D,137,994,8010150,0,58468,8059,3/14/2012,3,2012,Wednesday,400,1312,300,984,400,1312,13.6,0,42,NA,4195
20240,Store D,160,1147,9966200,0,62289,8689,3/15/2012,3,2012,Thursday,400,1312,300,984,400,1312,13.51,0,53,Sunny,3707
20240,Store D,148,1198,11548700,0,78032,9640,3/16/2012,3,2012,Friday,400,1312,300,984,400,1312,13.46,0,55,Rainy,3737
20240,Store D,145,1297,12179000,0,83993,9390,3/17/2012,3,2012,Saturday,400,1312,300,984,400,1312,13.46,0,60,Rainy,
20240,Store D,170,1173,11681400,0,68714,9959,3/18/2012,3,2012,Sunday,400,1312,300,984,400,1312,13.47,0,51,Sunny,
20240,Store D,153,1163,10787300,0,70505,9275,3/19/2012,3,2012,Monday,400,1312,300,984,400,1312,13.47,0,44,Sunny,
20240,Store D,157,1348,12325400,0,78506,9143,3/20/2012,3,2012,Tuesday,400,1312,300,984,400,1312,13.47,0,46,Sunny,
20240,Store D,192,1495,15610000,0,81302,10441,3/21/2012,3,2012,Wednesday,400,1312,300,984,400,1312,13.46,0,50,Sunny,
20240,Store D,166,740,7343600,0,44239,9924,3/22/2012,3,2012,Thursday,400,1312,300,984,400,1312,13.47,0,50,Cloudy,
20240,Store D,162,1321,12355200,0,76267,9353,3/23/2012,3,2012,Friday,400,1312,300,984,400,1312,13.62,0,44,Cloudy,
20240,Store D,177,1468,14847300,0,83883,10114,3/24/2012,3,2012,Saturday,400,1312,300,984,400,1312,13.72,0,46,Snowy,
20240,Store D,202,1130,12106200,0,59932,10713,3/25/2012,3,2012,Sunday,400,1312,300,984,400,1312,13.64,0,46,Sunny,
20240,Store D,186,1467,12654950,0,68037,8626,3/26/2012,3,2012,Monday,400,1312,300,984,400,1312,13.46,0,46,Sunny,
20240,Store D,164,1290,12386800,0,75529,9602,3/27/2012,3,2012,Tuesday,400,1312,300,984,400,1312,13.61,0,53,Cloudy,
20240,Store D,160,1201,9633400,0,60209,8021,3/28/2012,3,2012,Wednesday,400,1312,300,984,400,1312,13.67,0,60,Cloudy,
20240,Store D,203,1363,12573700,0,61939,9225,3/29/2012,3,2012,Thursday,400,1312,300,984,400,1312,13.69,0,60,Cloudy,
20240,Store D,186,1361,14539200,0,78168,10683,3/30/2012,3,2012,Friday,400,1312,300,984,400,1312,13.78,0,53,Cloudy,
20240,Store D,182,1440,18927900,0,103999,13144,3/31/2012,3,2012,Saturday,400,1312,300,984,400,1312,13.77,0,51,Sunny,
20240,Store D,180,1352,13091500,0,72731,9683,4/1/2012,4,2012,Sunday,400,1312,300,984,400,1312,13.64,0,48,Sunny,
20240,Store D,180,1218,15173900,0,84299,12458,4/2/2012,4,2012,Monday,400,1312,300,984,400,1312,13.63,0,60,Rainy,
20240,Store D,174,1536,12425600,0,71411,8090,4/3/2012,4,2012,Tuesday,400,1312,300,984,400,1312,13.64,0,48,Rainy,
20240,Store D,110,1141,9570100,0,87001,8387,4/4/2012,4,2012,Wednesday,400,1312,300,984,400,1312,13.67,0,53,Sunny,
20240,Store D,142,1387,9646300,0,67932,6955,4/5/2012,4,2012,Thursday,400,1312,300,984,400,1312,13.66,0,51,Sunny,
20240,Store D,107,853,7650100,0,71496,8968,4/6/2012,4,2012,Friday,400,1312,300,984,400,1312,13.72,0,50,Sunny,
20240,Store D,144,1154,10903800,0,75721,9449,4/7/2012,4,2012,Saturday,400,1312,300,984,400,1312,13.75,0,53,Sunny,
20240,Store D,163,1144,9852000,0,60442,8612,4/8/2012,4,2012,Sunday,400,1312,300,984,400,1312,13.79,0,62,Sunny,
20240,Store D,112,1015,8778800,0,78382,8649,4/9/2012,4,2012,Monday,400,1312,300,984,400,1312,13.86,0,69,Sunny,
20240,Store D,99,948,8131600,0,82137,8578,4/10/2012,4,2012,Tuesday,400,1312,300,984,400,1312,13.84,0,62,Rainy,
20240,Store D,113,1392,10844600,19800,95970,7791,4/11/2012,4,2012,Wednesday,400,1312,300,984,400,1312,13.95,0,64,Rainy,
20240,Store D,96,848,10172730,2970,105966,11996,4/12/2012,4,2012,Thursday,400,1312,300,984,400,1312,14.13,0,55,Cloudy,
20240,Store D,159,1600,15291950,2321550,96176,9557,4/13/2012,4,2012,Friday,400,1312,300,984,400,1312,14.08,0,59,Sunny,
20240,Store D,198,1836,15240210,2695590,76971,8301,4/14/2012,4,2012,Saturday,400,1312,300,984,400,1312,13.99,0,59,Cloudy,
20240,Store D,222,2637,17820970,3394380,80275,6758,4/15/2012,4,2012,Sunday,400,1312,300,984,400,1312,13.96,0,68,Cloudy,
20240,Store D,115,1405,9689100,0,84253,6896,4/16/2012,4,2012,Monday,400,1312,300,984,400,1312,13.79,0,62,Cloudy,
20240,Store D,140,1068,10123300,0,72309,9479,4/17/2012,4,2012,Tuesday,400,1312,300,984,400,1312,14.01,0,64,Sunny,
20240,Store D,127,1187,13167000,0,103677,11093,4/18/2012,4,2012,Wednesday,400,1312,300,984,400,1312,14.09,0,68,Sunny,
20240,Store D,122,1403,10325800,0,84638,7360,4/19/2012,4,2012,Thursday,400,1312,300,984,400,1312,13.99,0,75,Cloudy,
20240,Store D,146,965,9062400,0,62071,9391,4/20/2012,4,2012,Friday,400,1312,300,984,400,1312,13.97,0,73,Cloudy,
20240,Store D,101,1097,11346500,0,112342,10343,4/21/2012,4,2012,Saturday,400,1312,300,984,400,1312,13.94,0,64,Rainy,
20240,Store D,150,1595,15141100,0,100941,9493,4/22/2012,4,2012,Sunday,400,1312,300,984,400,1312,13.95,0,53,Rainy,
20240,Store D,138,1059,9595500,0,69533,9061,4/23/2012,4,2012,Monday,400,1312,300,984,400,1312,13.94,0,66,Cloudy,
20240,Store D,100,836,7577600,0,75776,9064,4/24/2012,4,2012,Tuesday,400,1312,300,984,400,1312,14.04,0,80,Cloudy,
20240,Store D,76,595,5949500,-19800,78283,9999,4/25/2012,4,2012,Wednesday,400,1312,300,984,400,1312,14.04,0,68,Rainy,
20240,Store D,89,803,7401700,0,83165,9218,4/26/2012,4,2012,Thursday,400,1312,300,984,400,1312,13.99,0,60,Cloudy,
20240,Store D,74,756,5255400,0,71019,6952,4/27/2012,4,2012,Friday,400,1312,300,984,400,1312,14,0,69,Sunny,
20240,Store D,154,1437,13178400,0,85574,9171,4/28/2012,4,2012,Saturday,400,1312,300,984,400,1312,14.02,1,69,Cloudy,
20240,Store D,183,1655,16556000,0,90470,10004,4/29/2012,4,2012,Sunday,400,1312,300,984,400,1312,14.08,1,77,Cloudy,
20240,Store D,126,1172,11591700,0,91998,9891,4/30/2012,4,2012,Monday,400,1312,300,984,400,1312,14.08,1,84,Sunny,
20240,Store D,135,1318,10111600,0,74901,7672,5/1/2012,5,2012,Tuesday,400,1312,300,984,400,1312,14.1,0,80,Sunny,2444
20240,Store D,123,1196,10164300,0,82637,8499,5/2/2012,5,2012,Wednesday,400,1312,300,984,400,1312,14.12,0,82,Sunny,3727
20240,Store D,182,1731,15440000,0,84835,8920,5/3/2012,5,2012,Thursday,400,1312,300,984,400,1312,14.07,1,77,Sunny,5936
20240,Store D,204,1537,19169200,0,93967,12472,5/4/2012,5,2012,Friday,400,1312,300,984,400,1312,14.07,1,77,Sunny,2535
20240,Store D,179,1219,13234300,0,73935,10857,5/5/2012,5,2012,Saturday,400,1312,300,984,400,1312,14.13,1,75,Sunny,1205
20240,Store D,118,930,9039700,0,76608,9720,5/6/2012,5,2012,Sunday,400,1312,300,984,400,1312,14.03,1,73,Sunny,2966
20240,Store D,103,888,6501900,0,63125,7322,5/7/2012,5,2012,Monday,400,1312,300,984,400,1312,13.9,0,75,Sunny,3907
20240,Store D,89,989,9190900,0,103269,9293,5/8/2012,5,2012,Tuesday,400,1312,300,984,400,1312,14.15,0,82,Sunny,2661
20240,Store D,106,624,8116300,6000,76569,13007,5/9/2012,5,2012,Wednesday,400,1312,300,984,400,1312,14.23,0,78,Sunny,2461
20240,Store D,80,966,6676200,12900,83453,6911,5/10/2012,5,2012,Thursday,400,1312,300,984,400,1312,14.31,0,78,Sunny,2341
20240,Store D,144,1297,10100190,1822710,70140,7787,5/11/2012,5,2012,Friday,400,1312,300,984,400,1312,14.31,0,68,Cloudy,2735
20240,Store D,235,3222,16155190,3817410,68745,5014,5/12/2012,5,2012,Saturday,400,1312,300,984,400,1312,14.34,0,69,Cloudy,3497
20240,Store D,162,2641,12998040,2619060,80235,4922,5/13/2012,5,2012,Sunday,400,1312,300,984,400,1312,14.35,0,75,Cloudy,3793
20240,Store D,102,956,9492800,13800,93067,9930,5/14/2012,5,2012,Monday,400,1312,300,984,400,1312,14.35,0,62,Rainy,3881
20240,Store D,135,1436,11011100,0,81564,7668,5/15/2012,5,2012,Tuesday,400,1312,300,984,400,1312,14.39,0,69,Cloudy,3152
20240,Store D,115,1013,8559500,11400,74430,8450,5/16/2012,5,2012,Wednesday,400,1312,300,984,400,1312,14.42,0,69,Sunny,2518
20240,Store D,126,1152,12401000,0,98421,10765,5/17/2012,5,2012,Thursday,400,1312,300,984,400,1312,14.48,0,68,Rainy,2844
20240,Store D,157,1339,13459700,37200,85731,10052,5/18/2012,5,2012,Friday,400,1312,300,984,400,1312,14.54,0,75,Sunny,3682
20240,Store D,166,1696,17866200,29400,107628,10534,5/19/2012,5,2012,Saturday,400,1312,300,984,400,1312,14.74,0,77,Sunny,3822
20240,Store D,166,1269,13653900,25500,82252,10760,5/20/2012,5,2012,Sunday,400,1312,300,984,400,1312,14.76,0,80,Sunny,3748
20240,Store D,180,1300,16403600,22500,91131,12618,5/21/2012,5,2012,Monday,400,1312,300,984,400,1312,14.76,0,84,Sunny,3108
20240,Store D,144,1085,12431200,6000,86328,11457,5/22/2012,5,2012,Tuesday,400,1312,300,984,400,1312,14.72,0,82,Sunny,3720
20240,Store D,113,757,9208500,26700,81491,12164,5/23/2012,5,2012,Wednesday,400,1312,300,984,400,1312,14.61,0,80,Sunny,3033
20240,Store D,123,976,12608600,8400,102509,12919,5/24/2012,5,2012,Thursday,400,1312,300,984,400,1312,14.74,0,73,Sunny,3104
20240,Store D,127,1367,14069600,41100,110784,10292,5/25/2012,5,2012,Friday,400,1312,300,984,400,1312,14.81,0,78,Sunny,3849
20240,Store D,175,1321,18246200,7200,104264,13812,5/26/2012,5,2012,Saturday,400,1312,300,984,400,1312,14.85,0,80,Sunny,4724
20240,Store D,169,1420,14793600,26400,87536,10418,5/27/2012,5,2012,Sunday,400,1312,300,984,400,1312,14.85,0,71,Rainy,4230
20240,Store D,148,1170,12013700,7200,81174,10268,5/28/2012,5,2012,Monday,400,1312,300,984,400,1312,14.73,0,78,Rainy,2411
20240,Store D,124,959,8558800,7800,69023,8925,5/29/2012,5,2012,Tuesday,400,1312,300,984,400,1312,14.67,0,77,Sunny,3339
20240,Store D,110,1167,8849800,0,80453,7583,5/30/2012,5,2012,Wednesday,400,1312,300,984,400,1312,14.8,0,77,Rainy,3266
20240,Store D,108,900,9699300,4200,89808,10777,5/31/2012,5,2012,Thursday,400,1312,300,984,400,1312,14.86,0,78,Cloudy,2751
20240,Store D,193,2944,16001020,5473080,82907,5435,6/1/2012,6,2012,Friday,400,1312,300,984,400,1312,14.98,0,78,Sunny,3125
20240,Store D,194,2076,15735430,4375470,81110,7580,6/2/2012,6,2012,Saturday,400,1312,300,984,400,1312,15.07,0,80,Sunny,3674
20240,Store D,209,1979,15001850,4260150,71779,7581,6/3/2012,6,2012,Sunday,400,1312,300,984,400,1312,15.14,0,80,Sunny,3220
20240,Store D,101,1013,10185300,33600,100845,10055,6/4/2012,6,2012,Monday,400,1312,300,984,400,1312,15.02,0,82,Cloudy,2923
20240,Store D,72,625,5590100,13200,77640,8944,6/5/2012,6,2012,Tuesday,400,1312,300,984,400,1312,15.11,0,78,cloudy,3165
20240,Store D,105,682,8508900,10800,81037,12476,6/6/2012,6,2012,Wednesday,400,1312,300,984,400,1312,15.02,0,82,cloudy,2669
20240,Store D,102,965,7834800,4200,76812,8119,6/7/2012,6,2012,Thursday,400,1312,300,984,400,1312,14.86,0,82,Sunny,3608
20240,Store D,142,1412,14291700,13200,100646,10122,6/8/2012,6,2012,Friday,400,1312,300,984,400,1312,14.7,0,80,Sunny,4283
20240,Store D,257,1839,18381100,36900,71522,9995,6/9/2012,6,2012,Saturday,400,1312,300,984,400,1312,14.75,0,84,cloudy,4461
20240,Store D,181,1299,14306700,27000,79043,11014,6/10/2012,6,2012,Sunday,400,1312,300,984,400,1312,14.56,0,80,Sunny,4572
20240,Store D,137,976,10728100,3600,78307,10992,6/11/2012,6,2012,Monday,400,1312,300,984,400,1312,14.39,0,82,cloudy,3188
20240,Store D,130,773,8013500,47700,61642,10367,6/12/2012,6,2012,Tuesday,400,1312,300,984,400,1312,14.53,0,86,cloudy,3134
20240,Store D,133,1060,10893700,34400,81908,10277,6/13/2012,6,2012,Wednesday,400,1312,300,984,400,1312,14.71,0,82,Sunny,3006
20240,Store D,139,1035,9007800,81300,64804,8703,6/14/2012,6,2012,Thursday,400,1312,300,984,400,1312,14.66,0,87,Sunny,3394
20240,Store D,169,1523,12315300,80200,72872,8086,6/15/2012,6,2012,Friday,400,1312,300,984,400,1312,14.68,0,82,Sunny,4615
20240,Store D,252,2319,22321600,105100,88578,9626,6/16/2012,6,2012,Saturday,400,1312,300,984,400,1312,14.73,0,84,cloudy,5129
20240,Store D,236,1896,20910800,84200,88605,11029,6/17/2012,6,2012,Sunday,400,1312,300,984,400,1312,14.58,0,84,Sunny,4139
20240,Store D,163,1498,11468000,47200,70356,7656,6/18/2012,6,2012,Monday,400,1312,300,984,400,1312,14.43,0,84,Sunny,2911
20240,Store D,131,738,10186700,32900,77761,13803,6/19/2012,6,2012,Tuesday,400,1312,300,984,400,1312,14.49,0,91,Sunny,3263
20240,Store D,139,1092,10652000,107300,76633,9755,6/20/2012,6,2012,Wednesday,400,1312,300,984,400,1312,14.62,0,87,rainy,3080
20240,Store D,120,817,7557100,32700,62976,9250,6/21/2012,6,2012,Thursday,400,1312,300,984,400,1312,14.55,0,87,Sunny,3778
20240,Store D,149,1320,13143350,49200,88210,9957,6/22/2012,6,2012,Friday,400,1312,300,984,400,1312,14.42,0,82,Sunny,4749
20240,Store D,230,1707,20563400,44500,89406,12047,6/23/2012,6,2012,Saturday,400,1312,300,984,400,1312,14.39,0,86,rainy,4329
20240,Store D,233,1806,20816600,104700,89342,11526,6/24/2012,6,2012,Sunday,400,1312,300,984,400,1312,14.17,0,91,Sunny,4265
20240,Store D,150,1303,12493050,27800,83287,9588,6/25/2012,6,2012,Monday,400,1312,300,984,400,1312,14.38,0,89,Sunny,2809
20240,Store D,146,1102,9033000,17800,61870,8197,6/26/2012,6,2012,Tuesday,400,1312,300,984,400,1312,14.51,0,87,Sunny,3714
20240,Store D,111,1088,8106600,47600,73032,7451,6/27/2012,6,2012,Wednesday,400,1312,300,984,400,1312,14.56,0,86,Sunny,3400
20240,Store D,147,1282,11537700,29500,78488,9000,6/28/2012,6,2012,Thursday,400,1312,300,984,400,1312,14.52,0,84,Sunny,3244
20240,Store D,145,1114,12346400,73400,85148,11083,6/29/2012,6,2012,Friday,400,1312,300,984,400,1312,14.53,0,87,rainy,3721
20240,Store D,146,810,12391100,40000,84871,15298,6/30/2012,6,2012,Saturday,400,1312,300,984,400,1312,14.54,0,75,rainy,4313
20240,Store D,193,1779,24849000,45500,128751,13968,7/1/2012,7,2012,Sunday,400,1312,300,984,400,1312,14.15,0,77,cloudy,4848
20240,Store D,130,1108,14368400,36600,110526,12968,7/2/2012,7,2012,Monday,400,1312,300,984,400,1312,13.95,0,84,cloudy,3055
20240,Store D,107,649,7690900,16700,71878,11850,7/3/2012,7,2012,Tuesday,400,1312,300,984,400,1312,14.21,0,78,rainy,3535
20240,Store D,89,769,9665450,26600,108601,12569,7/4/2012,7,2012,Wednesday,400,1312,300,984,400,1312,14.25,0,78,cloudy,3549
20240,Store D,115,1078,12002600,18100,104370,11134,7/5/2012,7,2012,Thursday,400,1312,300,984,400,1312,14.22,0,77,rainy,3665
20240,Store D,264,2737,16723030,5721570,63345,6110,7/6/2012,7,2012,Friday,400,1312,300,984,400,1312,14.2,0,73,rainy,4466
20240,Store D,276,3467,22258330,7099970,80646,6420,7/7/2012,7,2012,Saturday,400,1312,300,984,400,1312,14.25,0,86,Sunny,5122
20240,Store D,283,3457,26045960,6733840,92035,7534,7/8/2012,7,2012,Sunday,400,1312,300,984,400,1312,14.23,0,86,Sunny,5051
20240,Store D,157,1429,14148300,28300,90117,9901,7/9/2012,7,2012,Monday,400,1312,300,984,400,1312,14.11,0,87,cloudy,3463
20240,Store D,132,1052,11266800,46800,85355,10710,7/10/2012,7,2012,Tuesday,400,1312,300,984,400,1312,14.24,0,84,rainy,3337
20240,Store D,143,898,8068300,37400,56422,8985,7/11/2012,7,2012,Wednesday,400,1312,300,984,400,1312,14.36,0,78,rainy,3700
20240,Store D,140,1197,9855600,34700,70397,8234,7/12/2012,7,2012,Thursday,400,1312,300,984,400,1312,14.36,0,82,rainy,3084
20240,Store D,169,1392,15407900,33600,91171,11069,7/13/2012,7,2012,Friday,400,1312,300,984,400,1312,14.47,0,84,rainy,3159
20240,Store D,191,1938,20065700,23700,105056,10354,7/14/2012,7,2012,Saturday,400,1312,300,984,400,1312,14.5,1,78,rainy,4462
20240,Store D,245,3164,27089700,33900,110570,8562,7/15/2012,7,2012,Sunday,400,1312,300,984,400,1312,14.3,1,69,rainy,2858
20240,Store D,160,1711,15134800,109800,94593,8846,7/16/2012,7,2012,Monday,400,1312,300,984,400,1312,14.13,1,77,rainy,2008
20240,Store D,112,741,8177850,18700,73017,11036,7/17/2012,7,2012,Tuesday,400,1312,300,984,400,1312,14.38,0,86,rainy,1853
20240,Store D,91,620,7145300,11800,78520,11525,7/18/2012,7,2012,Wednesday,400,1312,300,984,400,1312,14.47,0,84,rainy,1731
20240,Store D,78,587,6565000,11800,84167,11184,7/19/2012,7,2012,Thursday,400,1312,300,984,400,1312,14.45,0,80,rainy,2041
20240,Store D,126,1326,12474300,74900,99002,9407,7/20/2012,7,2012,Friday,400,1312,300,984,400,1312,14.47,0,84,Sunny,2676
20240,Store D,178,1776,16678500,140300,93699,9391,7/21/2012,7,2012,Saturday,400,1312,300,984,400,1312,14.51,0,87,Sunny,3667
20240,Store D,188,2079,17714100,6000,94224,8520,7/22/2012,7,2012,Sunday,400,1312,300,984,400,1312,14.5,0,87,rainy,3563
20240,Store D,147,1278,14531800,47500,98856,11371,7/23/2012,7,2012,Monday,400,1312,300,984,400,1312,14.54,0,87,Cloudy,2454
20240,Store D,133,1012,11835900,31400,88992,11696,7/24/2012,7,2012,Tuesday,400,1312,300,984,400,1312,14.65,0,87,Cloudy,2571
20240,Store D,103,796,10186700,52900,98900,12797,7/25/2012,7,2012,Wednesday,400,1312,300,984,400,1312,14.66,0,87,Sunny,3201
20240,Store D,124,912,9279300,50400,74833,10175,7/26/2012,7,2012,Thursday,400,1312,300,984,400,1312,14.69,0,87,Cloudy,3016
20240,Store D,160,1069,11345500,27100,70909,10613,7/27/2012,7,2012,Friday,400,1312,300,984,400,1312,14.66,0,89,Sunny,2869
20240,Store D,159,1388,15065700,48900,94753,10854,7/28/2012,7,2012,Saturday,400,1312,300,984,400,1312,14.54,0,89,Sunny,3176
20240,Store D,147,958,12791400,35100,87016,13352,7/29/2012,7,2012,Sunday,400,1312,300,984,400,1312,14.5,0,91,Sunny,3500
20240,Store D,127,1086,11441800,29900,90093,10536,7/30/2012,7,2012,Monday,400,1312,300,984,400,1312,14.33,0,87,Rainy,2198
20240,Store D,116,943,9640200,50100,83105,10223,7/31/2012,7,2012,Tuesday,400,1312,300,984,400,1312,14.41,0,89,Sunny,2627
20240,Store D,123,801,9355300,32500,76059,11680,8/1/2012,8,2012,Wednesday,400,1312,300,984,400,1312,14.46,0,95,Cloudy,2957
20240,Store D,111,982,7699400,50100,69364,7841,8/2/2012,8,2012,Thursday,400,1312,300,984,400,1312,14.41,0,96,Sunny,2781
20240,Store D,137,1542,14082700,18800,102793,9133,8/3/2012,8,2012,Friday,400,1312,300,984,400,1312,14.42,0,96,Sunny,2028
20240,Store D,140,1053,11578400,41100,82703,10996,8/4/2012,8,2012,Saturday,400,1312,300,984,400,1312,14.46,0,96,Sunny,2168
20240,Store D,141,883,10480600,12200,74330,11869,8/5/2012,8,2012,Sunday,400,1312,300,984,400,1312,14.33,0,96,Sunny,2730
20240,Store D,128,1109,8484600,26700,66286,7651,8/6/2012,8,2012,Monday,400,1312,300,984,400,1312,14.03,0,95,Sunny,2515
20240,Store D,137,1093,11243600,32300,82070,10287,8/7/2012,8,2012,Tuesday,400,1312,300,984,400,1312,14.25,0,95,Rainy,3106
20240,Store D,149,1209,12328200,25100,82740,10197,8/8/2012,8,2012,Wednesday,400,1312,300,984,400,1312,14.36,0,93,Sunny,2987
20240,Store D,163,1106,13492400,26100,82775,12199,8/9/2012,8,2012,Thursday,400,1312,300,984,400,1312,14.37,0,95,Sunny,2966
20240,Store D,159,1248,11162100,43700,70202,8944,8/10/2012,8,2012,Friday,400,1312,300,984,400,1312,14.34,0,84,Rainy,2275
20240,Store D,162,1421,14236300,72400,87878,10019,8/11/2012,8,2012,Saturday,400,1312,300,984,400,1312,14.41,0,87,Cloudy,3664
20240,Store D,204,1615,21326800,28700,104543,13205,8/12/2012,8,2012,Sunday,400,1312,300,984,400,1312,14.43,0,82,Rainy,4893
20240,Store D,199,2218,22613800,12200,113637,10196,8/13/2012,8,2012,Monday,400,1312,300,984,400,1312,14.44,0,91,Rainy,3643
20240,Store D,184,1686,16548800,92800,89939,9815,8/14/2012,8,2012,Tuesday,400,1312,300,984,400,1312,14.41,0,87,Rainy,3521
20240,Store D,167,1303,16275600,0,97459,12491,8/15/2012,8,2012,Wednesday,400,1312,300,984,400,1312,14.38,0,80,Rainy,4631
20240,Store D,199,1659,16626200,19900,83549,10022,8/16/2012,8,2012,Thursday,400,1312,300,984,400,1312,14.36,0,84,Sunny,4406
20240,Store D,295,3703,22904770,6090630,77643,6185,8/17/2012,8,2012,Friday,400,1312,300,984,400,1312,14.3,0,89,Cloudy,3618
20240,Store D,284,3520,20484490,5906610,72128,5819,8/18/2012,8,2012,Saturday,400,1312,300,984,400,1312,14.28,0,84,Rainy,3769
20240,Store D,282,2927,21485140,6404260,76188,7340,8/19/2012,8,2012,Sunday,400,1312,300,984,400,1312,14.26,0,87,Rainy,4768
20240,Store D,168,1406,13809700,3600,82201,9822,8/20/2012,8,2012,Monday,400,1312,300,984,400,1312,14.26,0,80,Rainy,4178
20240,Store D,166,1587,16535800,0,99613,10420,8/21/2012,8,2012,Tuesday,400,1312,300,984,400,1312,14.27,0,84,Rainy,3626
20240,Store D,177,1391,14450000,6900,81638,10388,8/22/2012,8,2012,Wednesday,400,1312,300,984,400,1312,14.23,0,75,Rainy,3295
20240,Store D,139,955,11422300,19500,82175,11961,8/23/2012,8,2012,Thursday,400,1312,300,984,400,1312,14.24,0,78,Cloudy,3133
20240,Store D,199,1865,16812500,10500,84485,9015,8/24/2012,8,2012,Friday,400,1312,300,984,400,1312,14.39,0,80,Rainy,2765
20240,Store D,204,2095,19064900,51300,93455,9100,8/25/2012,8,2012,Saturday,400,1312,300,984,400,1312,14.42,0,84,Rainy,3594
20240,Store D,197,2008,19499200,0,98981,9711,8/26/2012,8,2012,Sunday,400,1312,300,984,400,1312,14.3,0,89,Cloudy,6488
20240,Store D,213,1596,18229450,22500,85584,11422,8/27/2012,8,2012,Monday,400,1312,300,984,400,1312,14.12,0,91,Cloudy,5387
20240,Store D,137,1151,12773500,0,93237,11098,8/28/2012,8,2012,Tuesday,400,1312,300,984,400,1312,14.3,0,84,Rainy,4533
20240,Store D,196,2016,19912450,0,101594,9877,8/29/2012,8,2012,Wednesday,400,1312,300,984,400,1312,14.44,0,84,Rainy,4436
20240,Store D,142,1169,15614900,0,109964,13357,8/30/2012,8,2012,Thursday,400,1312,300,984,400,1312,14.42,0,75,Rainy,3997
20240,Store D,185,1202,14687950,4500,79394,12220,8/31/2012,8,2012,Friday,400,1312,300,984,400,1312,14.41,0,82,Sunny,2718
20240,Store D,171,1408,15984700,40800,93478,11353,9/1/2012,9,2012,Saturday,400,1312,300,984,400,1312,14.44,0,82,Sunny,3543
20240,Store D,184,1866,21258300,28800,115534,11392,9/2/2012,9,2012,Sunday,400,1312,300,984,400,1312,14.4,0,84,Sunny,5250
20240,Store D,178,1531,16531700,6300,92875,10798,9/3/2012,9,2012,Monday,400,1312,300,984,400,1312,14.44,0,82,Sunny,4036
20240,Store D,121,1114,11210900,70500,92652,10064,9/4/2012,9,2012,Tuesday,400,1312,300,984,400,1312,14.45,0,73,Rainy,3686
20240,Store D,173,1110,11546000,0,66740,10402,9/5/2012,9,2012,Wednesday,400,1312,300,984,400,1312,14.44,0,77,Rainy,6226
20240,Store D,136,1052,12103600,20700,88997,11505,9/6/2012,9,2012,Thursday,400,1312,300,984,400,1312,14.47,0,78,Sunny,3448
20240,Store D,206,2457,13797500,4558400,66978,5616,9/7/2012,9,2012,Friday,400,1312,300,984,400,1312,14.42,0,80,Cloudy,4374
20240,Store D,229,2701,15628213,5817690,68245,5786,9/8/2012,9,2012,Saturday,400,1312,300,984,400,1312,14.35,0,73,Rainy,4886
20240,Store D,250,2395,19513700,5728500,78055,8148,9/9/2012,9,2012,Sunday,400,1312,300,984,400,1312,14.28,0,77,Cloudy,4923
20240,Store D,134,1313,10519600,0,78504,8012,9/14/2012,9,2012,Friday,400,1312,300,984,400,1312,14.51,0,69,Rainy,3175
20240,Store D,176,1443,16632500,-55400,94503,11526,9/15/2012,9,2012,Saturday,400,1312,300,984,400,1312,14.36,1,77,Cloudy,4434
20240,Store D,208,2269,19949000,0,95909,8792,9/16/2012,9,2012,Sunday,400,1312,300,984,400,1312,14.14,1,71,Rainy,3207
20240,Store D,96,1223,9035800,0,94123,7388,9/17/2012,9,2012,Monday,400,1312,300,984,400,1312,14.23,1,64,Rainy,3962
20240,Store D,119,1105,12393100,-8000,104144,11215,9/18/2012,9,2012,Tuesday,400,1312,300,984,400,1312,14.21,0,75,Cloudy,3649
20240,Store D,133,849,8619500,-2600,64808,10153,9/19/2012,9,2012,Wednesday,400,1312,300,984,400,1312,14.2,0,77,Sunny,2655
20240,Store D,138,1053,11314900,0,81992,10745,9/20/2012,9,2012,Thursday,400,1312,300,984,400,1312,14.17,0,75,Rainy,2829
20240,Store D,130,971,11279200,11700,86763,11616,9/21/2012,9,2012,Friday,400,1312,300,984,400,1312,14.3,0,75,Cloudy,2851
20240,Store D,161,1671,15110600,0,93855,9043,9/22/2012,9,2012,Saturday,400,1312,300,984,400,1312,14.3,1,78,Sunny,3169
20240,Store D,163,1678,12648700,36000,77599,7538,9/23/2012,9,2012,Sunday,400,1312,300,984,400,1312,14.19,1,78,Cloudy,3195
20240,Store D,148,1360,13062800,-24200,88262,9605,9/24/2012,9,2012,Monday,400,1312,300,984,400,1312,14.3,1,80,Sunny,4327
20240,Store D,138,1186,9682800,4500,70165,8164,9/25/2012,9,2012,Tuesday,400,1312,300,984,400,1312,14.35,0,80,Sunny,3676
20240,Store D,106,669,6724600,0,63440,10052,9/26/2012,9,2012,Wednesday,400,1312,300,984,400,1312,14.36,0,77,Sunny,2535
20240,Store D,108,554,7680300,3600,71114,13863,9/27/2012,9,2012,Thursday,400,1312,300,984,400,1312,14.39,0,73,Cloudy,1633
20240,Store D,62,336,4341100,0,70018,12920,9/28/2012,9,2012,Friday,400,1312,300,984,400,1312,14.37,0,71,Rainy,1732
20240,Store D,95,949,7091700,3600,74649,7473,9/29/2012,9,2012,Saturday,400,1312,300,984,400,1312,14.32,0,66,Rainy,1886
20240,Store D,97,583,4290500,10800,44232,7359,9/30/2012,9,2012,Sunday,400,1312,300,984,400,1312,14.19,0,68,Sunny,1656
20240,Store D,107,929,8328500,0,77836,8965,10/1/2012,10,2012,Monday,400,1312,300,984,400,1312,14.06,0,73,Sunny,1219
20240,Store D,116,823,5976300,0,51520,7262,10/2/2012,10,2012,Tuesday,400,1312,300,984,400,1312,14.19,0,75,Sunny,
20240,Store D,92,625,5560400,0,60439,8897,10/3/2012,10,2012,Wednesday,400,1312,300,984,400,1312,14.24,0,77,Sunny,
20240,Store D,79,554,5042300,7200,63827,9102,10/4/2012,10,2012,Thursday,400,1312,300,984,400,1312,14.2,0,75,Cloudy,
20240,Store D,176,1608,11375530,3565170,64634,7074,10/5/2012,10,2012,Friday,400,1312,300,984,400,1312,14.16,0,71,Sunny,
20240,Store D,209,2509,16656760,5275540,79697,6639,10/6/2012,10,2012,Saturday,400,1312,300,984,400,1312,14.12,1,75,Sunny,
20240,Store D,254,2823,23556890,6492210,92744,8345,10/7/2012,10,2012,Sunday,400,1312,300,984,400,1312,14.09,1,75,Sunny,
20240,Store D,100,1217,11770400,-11800,117704,9672,10/8/2012,10,2012,Monday,400,1312,300,984,400,1312,13.89,1,73,Sunny,2539
20240,Store D,90,827,7901200,13500,87791,9554,10/9/2012,10,2012,Tuesday,400,1312,300,984,400,1312,14.03,0,71,Cloudy,2897
20240,Store D,106,858,8525700,15900,80431,9937,10/10/2012,10,2012,Wednesday,400,1312,300,984,400,1312,14.18,0,69,Rainy,2482
20240,Store D,101,775,6786500,12600,67193,8757,10/11/2012,10,2012,Thursday,400,1312,300,984,400,1312,14.22,0,66,Sunny,2101
20240,Store D,109,736,10207500,0,93647,13869,10/12/2012,10,2012,Friday,400,1312,300,984,400,1312,14.22,0,69,Sunny,3964
20240,Store D,162,1252,13015400,36000,80342,10396,10/13/2012,10,2012,Saturday,400,1312,300,984,400,1312,14.16,0,73,Sunny,3274
20240,Store D,133,980,10231700,0,76930,10441,10/14/2012,10,2012,Sunday,400,1312,300,984,400,1312,14.04,0,69,Cloudy,3728
20240,Store D,134,1011,13245600,0,98848,13101,10/15/2012,10,2012,Monday,400,1312,300,984,400,1312,14.14,0,68,Sunny,2711
20240,Store D,119,923,10761700,3600,90434,11659,10/16/2012,10,2012,Tuesday,400,1312,300,984,400,1312,14.13,0,75,Cloudy,3038
20240,Store D,120,1112,9610800,0,80090,8643,10/17/2012,10,2012,Wednesday,400,1312,300,984,400,1312,14.03,0,62,Rainy,2596
20240,Store D,129,876,9519200,0,73792,10867,10/18/2012,10,2012,Thursday,400,1312,300,984,400,1312,14.01,0,60,Sunny,2431
20240,Store D,144,1517,15539900,0,107916,10244,10/19/2012,10,2012,Friday,400,1312,300,984,400,1312,13.94,0,66,Sunny,2961
20240,Store D,170,1268,12172900,4500,71605,9600,10/20/2012,10,2012,Saturday,400,1312,300,984,400,1312,13.92,0,68,Cloudy,3561
20240,Store D,154,1124,12050500,8700,78250,10721,10/21/2012,10,2012,Sunday,400,1312,300,984,400,1312,13.78,0,73,Cloudy,3561
20240,Store D,111,926,7715500,12000,69509,8332,10/22/2012,10,2012,Monday,400,1312,300,984,400,1312,13.82,0,64,Rainy,2842
20240,Store D,114,881,10444400,21600,91618,11855,10/23/2012,10,2012,Tuesday,400,1312,300,984,400,1312,13.85,0,57,Sunny,2957
20240,Store D,105,1037,7496000,18000,71390,7229,10/24/2012,10,2012,Wednesday,400,1312,300,984,400,1312,13.8,0,64,Sunny,2297
20240,Store D,114,903,8863200,30900,77747,9815,10/25/2012,10,2012,Thursday,400,1312,300,984,400,1312,13.81,0,68,Sunny,2635
20240,Store D,147,1244,12647600,13800,86038,10167,10/26/2012,10,2012,Friday,400,1312,300,984,400,1312,13.72,0,69,Cloudy,3027
20240,Store D,163,1719,14105500,3600,86537,8206,10/27/2012,10,2012,Saturday,400,1312,300,984,400,1312,13.7,0,62,Rainy,3043
20240,Store D,173,987,12926300,0,74718,13097,10/28/2012,10,2012,Sunday,400,1312,300,984,400,1312,13.62,0,64,Sunny,2798
20240,Store D,115,866,11694150,4200,101688,13504,10/29/2012,10,2012,Monday,400,1312,300,984,400,1312,13.41,0,59,Cloudy,2349
20240,Store D,110,786,9838800,0,89444,12518,10/30/2012,10,2012,Tuesday,400,1312,300,984,400,1312,13.61,0,51,Sunny,2137
20240,Store D,85,922,7734200,11400,90991,8389,10/31/2012,10,2012,Wednesday,400,1312,300,984,400,1312,13.71,0,51,Rainy,1628
20240,Store D,97,716,9941100,0,102486,13884,11/1/2012,11,2012,Thursday,400,1312,300,984,400,1312,13.66,0,50,Sunny,1857
20240,Store D,173,2837,15231490,5601210,88043,5369,11/2/2012,11,2012,Friday,400,1312,300,984,400,1312,13.62,0,51,Sunny,1870
20240,Store D,240,3305,21328440,7437560,88869,6453,11/3/2012,11,2012,Saturday,400,1312,300,984,400,1312,13.57,0,57,Sunny,2178
20240,Store D,174,4215,20408280,7943320,117289,4842,11/4/2012,11,2012,Sunday,400,1312,300,984,400,1312,13.46,0,59,Rainy,2112
20240,Store D,119,2163,15043580,5372020,126417,6955,11/5/2012,11,2012,Monday,400,1312,300,984,400,1312,13.38,0,51,Rainy,2302
20240,Store D,87,893,6367300,-9690,73187,7130,11/6/2012,11,2012,Tuesday,400,1312,300,984,400,1312,13.58,0,48,Rainy,2017
20240,Store D,74,551,5233600,-60470,70724,9498,11/7/2012,11,2012,Wednesday,400,1312,300,984,400,1312,13.58,0,53,Sunny,1926
20240,Store D,80,737,7804700,31800,97559,10590,11/8/2012,11,2012,Thursday,400,1312,300,984,400,1312,13.55,0,57,Cloudy,2052
20240,Store D,89,733,7987750,0,89750,10897,11/9/2012,11,2012,Friday,400,1312,300,984,400,1312,13.63,0,55,Cloudy,2639
20240,Store D,139,1027,11231900,9000,80805,10937,11/10/2012,11,2012,Saturday,400,1312,300,984,400,1312,13.69,0,59,Cloudy,2730
20240,Store D,125,1245,11867600,0,94941,9532,11/11/2012,11,2012,Sunday,400,1312,300,984,400,1312,13.53,0,55,Rainy,2435
20240,Store D,126,700,8769800,22500,69602,12528,11/12/2012,11,2012,Monday,400,1312,300,984,400,1312,13.31,0,48,Rainy,2317
20240,Store D,86,593,6776800,4500,78800,11428,11/13/2012,11,2012,Tuesday,400,1312,300,984,400,1312,13.54,0,48,Snowy,2356
20240,Store D,63,595,5634000,21600,89429,9469,11/14/2012,11,2012,Wednesday,400,1312,300,984,400,1312,13.71,0,42,Snowy,1760
20240,Store D,87,720,6008700,4500,69066,8345,11/15/2012,11,2012,Thursday,400,1312,300,984,400,1312,13.59,0,48,Sunny,2172
20240,Store D,122,996,12701400,9000,104110,12752,11/16/2012,11,2012,Friday,400,1312,300,984,400,1312,13.44,0,48,Rainy,4056
20240,Store D,160,1250,17665900,0,110412,14133,11/17/2012,11,2012,Saturday,400,1312,300,984,400,1312,13.43,0,46,Rainy,3262
20240,Store D,177,1329,16665500,0,94155,12540,11/18/2012,11,2012,Sunday,400,1312,300,984,400,1312,13.38,0,44,Sunny,2359
20240,Store D,119,898,10165900,0,85428,11321,11/19/2012,11,2012,Monday,400,1312,300,984,400,1312,13.42,0,46,Rainy,2617
20240,Store D,87,885,7948000,0,91356,8981,11/20/2012,11,2012,Tuesday,400,1312,300,984,400,1312,13.38,0,42,Sunny,2159
20240,Store D,100,751,9397600,10500,93976,12513,11/21/2012,11,2012,Wednesday,400,1312,300,984,400,1312,13.29,0,46,Cloudy,3059
20240,Store D,139,1128,12295300,0,88455,10900,11/22/2012,11,2012,Thursday,400,1312,300,984,400,1312,13.17,0,50,Rainy,3318
20240,Store D,186,1273,15683700,0,84321,12320,11/23/2012,11,2012,Friday,400,1312,300,984,400,1312,13.13,1,41,Sunny,3771
20240,Store D,222,1740,19439250,4500,87564,11172,11/24/2012,11,2012,Saturday,400,1312,300,984,400,1312,13.18,1,42,Sunny,1783
20240,Store D,127,1278,12898600,4500,101564,10093,11/25/2012,11,2012,Sunday,400,1312,300,984,400,1312,13,1,44,Rainy,2713
20240,Store D,104,815,8897800,0,85556,10918,11/26/2012,11,2012,Monday,400,1312,300,984,400,1312,12.83,0,41,Snowy,2489
20240,Store D,95,665,6009700,0,63260,9037,11/27/2012,11,2012,Tuesday,400,1312,300,984,400,1312,13.07,0,42,Sunny,2485
20240,Store D,113,1005,10920600,0,96642,10866,11/28/2012,11,2012,Wednesday,400,1312,300,984,400,1312,13.2,0,51,Rainy,2431
20240,Store D,67,641,5286000,0,78896,8246,11/29/2012,11,2012,Thursday,400,1312,300,984,400,1312,13.25,0,39,Sunny,2332
20240,Store D,112,1082,9352700,8100,83506,8644,11/30/2012,11,2012,Friday,400,1312,300,984,400,1312,13.19,0,42,Rainy,2129
20240,Store D,154,1570,14168700,4500,92005,9025,12/1/2012,12,2012,Saturday,400,1312,300,984,400,1312,13.12,0,35,Sunny,2587
20240,Store D,107,998,10319800,0,96447,10340,12/2/2012,12,2012,Sunday,400,1312,300,984,400,1312,12.98,0,42,Cloudy,2534
20240,Store D,109,794,7481800,4500,68640,9423,12/3/2012,12,2012,Monday,400,1312,300,984,400,1312,12.81,0,42,Snowy,2104
20240,Store D,84,601,4895500,0,58280,8146,12/4/2012,12,2012,Tuesday,400,1312,300,984,400,1312,13.02,0,32,Sunny,1684
20240,Store D,62,413,3718800,9000,59981,9004,12/5/2012,12,2012,Wednesday,400,1312,300,984,400,1312,13.2,0,32,Snowy,2534
20240,Store D,65,629,4509500,0,69377,7169,12/6/2012,12,2012,Thursday,400,1312,300,984,400,1312,13.16,0,26,Snowy,2546
20240,Store D,181,2053,17614300,5822200,97317,8580,12/7/2012,12,2012,Friday,400,1312,300,984,400,1312,13.13,0,28,Snowy,2440
20240,Store D,201,2628,19637620,6161580,97700,7472,12/8/2012,12,2012,Saturday,400,1312,300,984,400,1312,13.12,0,19,Sunny,2558
20240,Store D,168,2296,15670380,4833200,93276,6825,12/9/2012,12,2012,Sunday,400,1312,300,984,400,1312,13,0,17,Sunny,2478
20240,Store D,98,932,7776200,0,79349,8344,12/10/2012,12,2012,Monday,400,1312,300,984,400,1312,13.09,0,21,Sunny,1493
20240,Store D,76,693,6342900,0,83459,9153,12/11/2012,12,2012,Tuesday,400,1312,300,984,400,1312,13.1,0,26,Sunny,1450
20240,Store D,69,728,6239900,0,90433,8571,12/12/2012,12,2012,Wednesday,400,1312,300,984,400,1312,13.05,0,30,Sunny,18114
20240,Store D,97,1165,7348200,7200,75755,6307,12/13/2012,12,2012,Thursday,400,1312,300,984,400,1312,12.96,0,37,Sunny,1894
20240,Store D,89,1166,9636900,4200,108280,8265,12/14/2012,12,2012,Friday,400,1312,300,984,400,1312,12.85,0,37,Rainy,1937
20240,Store D,141,2050,13302900,-15000,94347,6489,12/15/2012,12,2012,Saturday,400,1312,300,984,400,1312,12.83,0,44,Cloudy,2401
20240,Store D,144,1555,12009400,0,83399,7723,12/16/2012,12,2012,Sunday,400,1312,300,984,400,1312,12.73,0,39,Cloudy,2533
20240,Store D,103,976,9031900,0,87688,9254,12/17/2012,12,2012,Monday,400,1312,300,984,400,1312,12.52,0,37,Sunny,12119
20240,Store D,71,780,5776600,-2750,81361,7406,12/18/2012,12,2012,Tuesday,400,1312,300,984,400,1312,12.65,0,24,Sunny,1593
20240,Store D,88,396,4675800,0,53134,11808,12/19/2012,12,2012,Wednesday,400,1312,300,984,400,1312,12.76,0,24,Sunny,1572
20240,Store D,79,598,5501900,0,69644,9201,12/20/2012,12,2012,Thursday,400,1312,300,984,400,1312,12.7,0,32,Sunny,1271
20240,Store D,83,668,5911800,0,71227,8850,12/21/2012,12,2012,Friday,400,1312,300,984,400,1312,12.74,0,32,Snowy,1611
20240,Store D,121,880,9755100,9000,80621,11085,12/22/2012,12,2012,Saturday,400,1312,300,984,400,1312,12.77,1,30,Cloudy,2257
20240,Store D,136,907,8148100,4500,59913,8984,12/23/2012,12,2012,Sunday,400,1312,300,984,400,1312,12.76,1,19,Sunny,1293
20240,Store D,104,1135,7440300,0,71541,6555,12/24/2012,12,2012,Monday,400,1312,300,984,400,1312,12.76,1,21,Snowy,995
20240,Store D,91,438,4305000,0,47308,9829,12/25/2012,12,2012,Tuesday,400,1312,300,984,400,1312,12.7,0,21,Snowy,1518
20240,Store D,113,881,9846150,0,87134,11176,12/26/2012,12,2012,Wednesday,400,1312,300,984,400,1312,12.65,0,17,Sunny,2930
20240,Store D,124,1004,8337500,18900,67238,8304,12/27/2012,12,2012,Thursday,400,1312,300,984,400,1312,12.61,0,28,Sunny,2007
20240,Store D,103,779,7163000,0,69544,9195,12/28/2012,12,2012,Friday,400,1312,300,984,400,1312,12.48,0,35,Snowy,1808
20240,Store D,125,1110,10622100,4500,84977,9569,12/29/2012,12,2012,Saturday,400,1312,300,984,400,1312,12.38,0,32,Snowy,2160
20240,Store D,148,1374,13203300,39000,89211,9609,12/30/2012,12,2012,Sunday,400,1312,300,984,400,1312,12.41,0,32,Snowy,3015
20240,Store D,127,813,11182000,0,88047,13754,12/31/2012,12,2012,Monday,400,1312,300,984,400,1312,12.42,0,19,Sunny,2103
20240,Store D,119,828,9313300,0,78263,11248,1/1/2013,1,2013,Tuesday,400,1312,300,984,400,1312,12.29,0,32,Snowy,2054
20240,Store D,105,1150,8478100,0,80744,7372,1/2/2013,1,2013,Wednesday,400,1312,300,984,400,1312,12.28,0,21,Sunny,3761
20240,Store D,108,977,7301500,0,67606,7473,1/3/2013,1,2013,Thursday,400,1312,300,984,400,1312,12.21,0,14,Sunny,3761
20240,Store D,103,979,8016400,12000,77829,8188,1/4/2013,1,2013,Friday,400,1312,300,984,400,1312,12.19,0,17,Sunny,2159
20240,Store D,89,792,6000500,0,67421,7576,1/5/2013,1,2013,Saturday,400,1312,300,984,400,1312,12.08,0,28,Snowy,1505
20240,Store D,58,391,3981200,0,68641,10182,1/6/2013,1,2013,Sunday,400,1312,300,984,400,1312,11.9,0,24,Cloudy,1552
20240,Store D,63,472,4610600,0,73184,9768,1/7/2013,1,2013,Monday,400,1312,300,984,400,1312,11.71,0,28,Cloudy,1097
20240,Store D,68,444,4361300,0,64137,9823,1/8/2013,1,2013,Tuesday,400,1312,300,984,400,1312,11.96,0,28,Sunny,1019
20240,Store D,58,223,3343000,0,57638,14991,1/9/2013,1,2013,Wednesday,400,1312,300,984,400,1312,12.15,0,17,Sunny,915
20240,Store D,63,389,3116300,4500,49465,8011,1/10/2013,1,2013,Thursday,400,1312,300,984,400,1312,12.12,0,23,Sunny,841
20240,Store D,63,409,3227700,8100,51233,7892,1/11/2013,1,2013,Friday,400,1312,300,984,400,1312,12.01,0,33,Cloudy,1103
20240,Store D,105,879,6778400,0,64556,7711,1/12/2013,1,2013,Saturday,400,1312,300,984,400,1312,11.85,1,39,Snowy,2301
20240,Store D,118,844,9366100,0,79374,11097,1/13/2013,1,2013,Sunday,400,1312,300,984,400,1312,11.7,1,32,Cloudy,1332
20240,Store D,91,1357,9345400,4200,102697,6887,1/14/2013,1,2013,Monday,400,1312,300,984,400,1312,11.48,1,35,Cloudy,1490
20240,Store D,80,464,5567500,9000,69594,11999,1/15/2013,1,2013,Tuesday,400,1312,300,984,400,1312,11.66,0,35,Sunny,1522
20240,Store D,28,130,1847700,5500,65989,14213,1/16/2013,1,2013,Wednesday,400,1312,300,984,400,1312,11.87,0,32,Snowy,1409
20240,Store D,109,791,5698500,1900100,52280,7204,1/17/2013,1,2013,Thursday,400,1312,300,984,400,1312,11.97,0,24,Sunny,1442
20240,Store D,103,634,4574810,1326290,44416,7216,1/18/2013,1,2013,Friday,400,1312,300,984,400,1312,11.88,0,32,Sunny,1717
20240,Store D,116,949,6062540,2203760,52263,6388,1/19/2013,1,2013,Saturday,400,1312,300,984,400,1312,11.75,0,39,Sunny,2009
20240,Store D,113,1132,5430250,2022150,48055,4797,1/20/2013,1,2013,Sunday,400,1312,300,984,400,1312,11.66,0,39,Cloudy,2413
20240,Store D,87,941,8123290,2656510,93371,8633,1/21/2013,1,2013,Monday,400,1312,300,984,400,1312,11.53,0,39,Rainy,1877
20240,Store D,61,304,3023900,0,49572,9947,1/22/2013,1,2013,Tuesday,400,1312,300,984,400,1312,11.74,0,41,Rainy,2085
20240,Store D,64,460,4616700,3600,72136,10036,1/23/2013,1,2013,Wednesday,400,1312,300,984,400,1312,11.93,0,37,Rainy,1798
20240,Store D,73,705,4269150,6900,58482,6056,1/24/2013,1,2013,Thursday,400,1312,300,984,400,1312,12.03,0,37,Snowy,1971
20240,Store D,98,652,6498300,4500,66309,9967,1/25/2013,1,2013,Friday,400,1312,300,984,400,1312,11.94,0,21,Sunny,2719
20240,Store D,114,1215,10025100,0,87939,8251,1/26/2013,1,2013,Saturday,400,1312,300,984,400,1312,11.82,0,21,Sunny,2638
20240,Store D,125,778,7505300,4500,60042,9647,1/27/2013,1,2013,Sunday,400,1312,300,984,400,1312,11.69,0,24,Sunny,2467
20240,Store D,100,665,3461800,4200,34618,5206,1/28/2013,1,2013,Monday,400,1312,300,984,400,1312,11.8,0,32,Cloudy,1859
20240,Store D,82,524,3823700,0,46630,7297,1/29/2013,1,2013,Tuesday,400,1312,300,984,400,1312,11.93,0,41,Snowy,1889
20240,Store D,72,533,5346800,4500,74261,10032,1/30/2013,1,2013,Wednesday,400,1312,300,984,400,1312,11.96,0,48,Cloudy,1921
20240,Store D,74,378,4265600,7200,57643,11285,1/31/2013,1,2013,Thursday,400,1312,300,984,400,1312,11.91,0,51,Sunny,1867
20240,Store D,72,676,6019100,4500,83599,8904,2/1/2013,2,2013,Friday,400,1312,300,984,400,1312,11.94,0,48,Rainy,1891
20240,Store D,104,1068,6868900,6300,66047,6432,2/2/2013,2,2013,Saturday,400,1312,300,984,400,1312,11.87,0,35,Sunny,2518
20240,Store D,103,705,5001000,-6400,48553,7094,2/3/2013,2,2013,Sunday,400,1312,300,984,400,1312,11.78,0,30,Snowy,3038
20240,Store D,112,853,5746700,9000,51310,6737,2/4/2013,2,2013,Monday,400,1312,300,984,400,1312,11.52,0,33,Snowy,3542
20240,Store D,71,875,5468500,0,77021,6250,2/5/2013,2,2013,Tuesday,400,1312,300,984,400,1312,11.71,0,35,Snowy,
20240,Store D,96,729,5302500,0,55234,7274,2/6/2013,2,2013,Wednesday,400,1312,300,984,400,1312,11.7,0,33,Snowy,
20240,Store D,64,690,3648500,0,57008,5288,2/7/2013,2,2013,Thursday,400,1312,300,984,400,1312,11.61,0,28,Sunny,
20240,Store D,52,391,3611600,28800,69454,9237,2/8/2013,2,2013,Friday,400,1312,300,984,400,1312,11.63,0,15,Sunny,
20240,Store D,86,487,4920000,4900,57209,10103,2/9/2013,2,2013,Saturday,400,1312,300,984,400,1312,11.75,1,28,Sunny,
20240,Store D,111,816,6098300,0,54940,7473,2/10/2013,2,2013,Sunday,400,1312,300,984,400,1312,11.74,1,28,Snowy,
20240,Store D,77,539,4561300,7200,59238,8463,2/11/2013,2,2013,Monday,400,1312,300,984,400,1312,11.63,1,26,cloudy,
20240,Store D,83,711,4981600,21300,60019,7006,2/12/2013,2,2013,Tuesday,400,1312,300,984,400,1312,11.73,0,28,cloudy,
20240,Store D,90,647,4450700,37600,49452,6879,2/13/2013,2,2013,Wednesday,400,1312,300,984,400,1312,11.62,0,35,cloudy,
20240,Store D,145,1052,5452530,1965670,37604,5183,2/14/2013,2,2013,Thursday,400,1312,300,984,400,1312,11.63,0,41,cloudy,
20240,Store D,168,1678,8330710,2325190,49588,4965,2/15/2013,2,2013,Friday,400,1312,300,984,400,1312,11.61,0,32,cloudy,
20240,Store D,201,2483,14710660,4174640,73187,5925,2/16/2013,2,2013,Saturday,400,1312,300,984,400,1312,11.6,0,33,Sunny,
20240,Store D,185,1210,9670190,3081310,52271,7992,2/17/2013,2,2013,Sunday,400,1312,300,984,400,1312,11.48,0,42,cloudy,
20240,Store D,180,2005,12328615,3505590,68492,6149,2/18/2013,2,2013,Monday,400,1312,300,984,400,1312,11.25,0,35,cloudy,
20240,Store D,82,508,4136400,0,50444,8143,2/19/2013,2,2013,Tuesday,400,1312,300,984,400,1312,11.46,0,32,Sunny,
20240,Store D,91,567,3684000,0,40484,6497,2/20/2013,2,2013,Wednesday,400,1312,300,984,400,1312,11.53,0,30,Sunny,
20240,Store D,97,850,6316900,4200,65123,7432,2/21/2013,2,2013,Thursday,400,1312,300,984,400,1312,11.52,0,35,Sunny,
20240,Store D,88,669,6680300,4900,75913,9986,2/22/2013,2,2013,Friday,400,1312,300,984,400,1312,11.62,0,39,Snowy,
20240,Store D,134,908,9139100,11400,68202,10065,2/23/2013,2,2013,Saturday,400,1312,300,984,400,1312,11.63,0,35,Sunny,
20240,Store D,147,998,9311400,-5000,63343,9330,2/24/2013,2,2013,Sunday,400,1312,300,984,400,1312,11.5,0,41,Sunny,
20240,Store D,142,966,7786400,9000,54834,8060,2/25/2013,2,2013,Monday,400,1312,300,984,400,1312,11.33,0,44,cloudy,
20240,Store D,103,538,5653500,15600,54888,10508,2/26/2013,2,2013,Tuesday,400,1312,300,984,400,1312,11.47,0,46,Rainy,
20240,Store D,111,630,5575100,-1500,50226,8849,2/27/2013,2,2013,Wednesday,400,1312,300,984,400,1312,11.82,0,44,Cloudy,
20240,Store D,116,709,7862000,7200,67776,11089,2/28/2013,2,2013,Thursday,400,1312,300,984,400,1312,11.81,0,55,Rainy,
20240,Store D,118,916,6616100,4200,56069,7223,3/1/2013,3,2013,Friday,400,1312,300,984,400,1312,11.72,0,44,Rainy,
20240,Store D,141,702,9148700,0,64884,13032,3/2/2013,3,2013,Saturday,400,1312,300,984,400,1312,11.66,0,35,Sunny,
20240,Store D,111,840,5461000,9000,49198,6501,3/3/2013,3,2013,Sunday,400,1312,300,984,400,1312,11.57,0,39,Sunny,
20240,Store D,73,312,3575300,0,48977,11459,3/4/2013,3,2013,Monday,400,1312,300,984,400,1312,11.33,0,46,Sunny,
20240,Store D,110,844,7093600,0,64487,8405,3/5/2013,3,2013,Tuesday,400,1312,300,984,400,1312,11.54,0,46,Sunny,
20240,Store D,97,801,6599100,9000,68032,8239,3/6/2013,3,2013,Wednesday,400,1312,300,984,400,1312,11.64,0,57,Sunny,
20240,Store D,93,480,4326400,0,46520,9013,3/7/2013,3,2013,Thursday,400,1312,300,984,400,1312,11.59,0,51,Rainy,
20240,Store D,126,690,5526100,4500,43858,8009,3/8/2013,3,2013,Friday,400,1312,300,984,400,1312,11.52,0,55,Cloudy,
20240,Store D,122,1052,8147500,6900,66783,7745,3/9/2013,3,2013,Saturday,400,1312,300,984,400,1312,11.4,0,71,Cloudy,
20240,Store D,136,804,8478600,0,62343,10546,3/10/2013,3,2013,Sunday,400,1312,300,984,400,1312,11.34,0,44,Sunny,
20240,Store D,129,1397,8443800,0,65456,6044,3/11/2013,3,2013,Monday,400,1312,300,984,400,1312,11.21,0,50,Sunny,
20240,Store D,126,1403,7507800,10500,59586,5351,3/12/2013,3,2013,Tuesday,400,1312,300,984,400,1312,11.37,0,53,Rainy,
20240,Store D,106,734,6107100,0,57614,8320,3/13/2013,3,2013,Wednesday,400,1312,300,984,400,1312,11.37,0,46,Rainy,
20240,Store D,170,1866,9311460,2700740,54773,4990,3/14/2013,3,2013,Thursday,400,1312,300,984,400,1312,11.43,0,46,Sunny,
20240,Store D,200,2627,15840170,4951430,79201,6030,3/15/2013,3,2013,Friday,400,1312,300,984,400,1312,11.49,0,48,Sunny,
20240,Store D,272,3200,17295320,5586380,63586,5405,3/16/2013,3,2013,Saturday,400,1312,300,984,400,1312,11.56,0,51,Sunny,
